@article{Barroso:2007:CEC:1339817.1339894,
 author = {Barroso, Luiz Andr{\'e} and H\"{o}lzle, Urs},
 title = {The Case for Energy-Proportional Computing},
 journal = {Computer},
 issue_date = {December 2007},
 volume = {40},
 number = {12},
 month = dec,
 year = {2007},
 issn = {0018-9162},
 pages = {33--37},
 numpages = {5},
 url = {http://dx.doi.org/10.1109/MC.2007.443},
 doi = {10.1109/MC.2007.443},
 acmid = {1339894},
 publisher = {IEEE Computer Society Press},
 address = {Los Alamitos, CA, USA},
 keywords = {energy-proportional computing, green computing, green computing, energy-proportional computing},
} 

@inproceedings{Farley:2012:MYM:2391229.2391249,
 author = {Farley, Benjamin and Juels, Ari and Varadarajan, Venkatanathan and Ristenpart, Thomas and Bowers, Kevin D. and Swift, Michael M.},
 title = {More for Your Money: Exploiting Performance Heterogeneity in Public Clouds},
 booktitle = {Proceedings of the Third ACM Symposium on Cloud Computing},
 series = {SoCC '12},
 year = {2012},
 isbn = {978-1-4503-1761-0},
 location = {San Jose, California},
 pages = {20:1--20:14},
 articleno = {20},
 numpages = {14},
 url = {http://doi.acm.org/10.1145/2391229.2391249},
 doi = {10.1145/2391229.2391249},
 acmid = {2391249},
 publisher = {ACM},
 address = {New York, NY, USA},
 keywords = {cloud computing, heterogeneity, virtual machine migration},
} 

@article{Henning:2006:SCB:1186736.1186737,
 author = {Henning, John L.},
 title = {SPEC CPU2006 Benchmark Descriptions},
 journal = {SIGARCH Comput. Archit. News},
 issue_date = {September 2006},
 volume = {34},
 number = {4},
 month = sep,
 year = {2006},
 issn = {0163-5964},
 pages = {1--17},
 numpages = {17},
 url = {http://doi.acm.org/10.1145/1186736.1186737},
 doi = {10.1145/1186736.1186737},
 acmid = {1186737},
 publisher = {ACM},
 address = {New York, NY, USA},
}

@inproceedings{Brankovic:2014:AOP:2597917.2597937,
 author = {Brankovi\'{c}, Aleksandar and Stavrou, Kyriakos and Gibert, Enric and Gonz\'{a}lez, Antonio},
 title = {Accurate Off-line Phase Classification for HW/SW Co-designed Processors},
 booktitle = {Proceedings of the 11th ACM Conference on Computing Frontiers},
 series = {CF '14},
 year = {2014},
 isbn = {978-1-4503-2870-8},
 location = {Cagliari, Italy},
 pages = {5:1--5:10},
 articleno = {5},
 numpages = {10},
 url = {http://doi.acm.org/10.1145/2597917.2597937},
 doi = {10.1145/2597917.2597937},
 acmid = {2597937},
 publisher = {ACM},
 address = {New York, NY, USA},
 keywords = {HW/SW co-designed processors, dynamic binary translation, simulation, warm-up methodology},
} 

@article{DBLP:journals/corr/abs-0909-1784,
  author    = {Stavros Harizopoulos and
               Mehul A. Shah and
               Justin Meza and
               Parthasarathy Ranganathan},
  title     = {Energy Efficiency: The New Holy Grail of Data Management Systems Research},
  journal   = {CoRR},
  volume    = {abs/0909.1784},
  year      = {2009},
  url       = {http://arxiv.org/abs/0909.1784},
  timestamp = {Mon, 05 Dec 2011 18:05:25 +0100},
  biburl    = {http://dblp.uni-trier.de/rec/bib/journals/corr/abs-0909-1784},
  bibsource = {dblp computer science bibliography, http://dblp.org}
}

@inproceedings{Balasubramonian:2000:MHR:360128.360153,
 author = {Balasubramonian, Rajeev and Albonesi, David and Buyuktosunoglu, Alper and Dwarkadas, Sandhya},
 title = {Memory Hierarchy Reconfiguration for Energy and Performance in General-purpose Processor Architectures},
 booktitle = {Proceedings of the 33rd Annual ACM/IEEE International Symposium on Microarchitecture},
 series = {MICRO 33},
 year = {2000},
 isbn = {1-58113-196-8},
 location = {Monterey, California, USA},
 pages = {245--257},
 numpages = {13},
 url = {http://doi.acm.org/10.1145/360128.360153},
 doi = {10.1145/360128.360153},
 acmid = {360153},
 publisher = {ACM},
 address = {New York, NY, USA},
} 

@INPROCEEDINGS{1402088, 
author={Nagpurkar, P. and Krintz, C. and Sherwood, T.}, 
booktitle={Code Generation and Optimization, 2005. CGO 2005. International Symposium on}, 
title={Phase-aware remote profiling}, 
year={2005}, 
month={March}, 
pages={191-202}, 
keywords={Internet;embedded systems;optimising compilers;ubiquitous computing;Internet;Web-enabled mobile phone;battery-powered device;embedded device technology;energy consumption;hardware-software scheme;intelligent online sampling;meta information;personal digital assistants;phase-aware remote profiling;ubiquitous computing;Computer science;Energy consumption;IP networks;Information analysis;Mobile handsets;Optimizing compilers;Personal digital assistants;Programming;Sampling methods;Ubiquitous computing}, 
doi={10.1109/CGO.2005.26},}


@TECHREPORT{Qumranet2007,
  author = {Qumranet},
  title = {KVM: Kernel-based Virtualization Machine},
  institution = {Qumranet},
  year = {2007},
  url = {http://www.qumranet.com/files/Qumranet_WhitePaper_03.pdf}
}

@INPROCEEDINGS{6114207, 
author={Sembrant, A. and Eklov, D. and Hagersten, E.}, 
booktitle={Workload Characterization (IISWC), 2011 IEEE International Symposium on}, 
title={Efficient software-based online phase classification}, 
year={2011}, 
month={Nov}, 
pages={104-115}, 
keywords={program diagnostics;sampling methods;ScarPhase;hardware-assisted phase detection;low overhead phase detection;online phase detection library;runtime data collection;runtime phases;sample-based analysis;sample-based classification;software-based online phase classification;time-varying behavior;Benchmark testing;Hardware;Phase detection;Radiation detectors;Runtime;Support vector machine classification;Vectors}, 
doi={10.1109/IISWC.2011.6114207},}


@INPROCEEDINGS{6522315, 
author={Sandberg, A. and Sembrant, A. and Hagersten, E. and Black-Schaffer, D.}, 
booktitle={High Performance Computer Architecture (HPCA2013), 2013 IEEE 19th International Symposium on}, 
title={Modeling performance variation due to cache sharing}, 
year={2013}, 
month={Feb}, 
pages={155-166}, 
keywords={bandwidth allocation;cache storage;multiprocessing systems;performance evaluation;application phases;average relative error;bandwidth consumption;bandwidth demands;cache sharing;cache sharing performance model;contemporary multicore machine;corunning application bandwidth demands;performance interactions;performance variability effects;performance variation modeling;phase-aware isolation;shared cache contention;Bandwidth;Benchmark testing;Data models;Hardware;Interference;Phase detection;Vectors}, 
doi={10.1109/HPCA.2013.6522315}, 
ISSN={1530-0897},}

@ARTICLE{1528455, 
author={Isci, C. and Buyuktosunoglu, A. and Martonosi, M.}, 
journal={Micro, IEEE}, 
title={Long-term workload phases: duration predictions and applications to DVFS}, 
year={2005}, 
month={Sept}, 
volume={25}, 
number={5}, 
pages={39-51}, 
keywords={resource allocation;system monitoring;DVFS;adaptive dynamic management;computer systems;duration predictions;hardware performance counters;long-term workload phases;server-class systems;system response prediction;workload behavior prediction;Adaptive systems;Benchmark testing;Costs;Dynamic voltage scaling;Extrapolation;Frequency;Large-scale systems;Load management;Prediction methods;Stability criteria;Adaptive dynamic management;DVFS;duration predictions;performance counters;prediction techniques;workload behavior}, 
doi={10.1109/MM.2005.93}, 
ISSN={0272-1732},}

@INPROCEEDINGS{1238018, 
author={Duesterwald, E. and Torrellas, J. and Dwarkadas, S.}, 
booktitle={Parallel Architectures and Compilation Techniques, 2003. PACT 2003. Proceedings. 12th International Conference on}, 
title={Characterizing and predicting program behavior and its variability}, 
year={2003}, 
month={Sept}, 
pages={220-231}, 
keywords={adaptive systems;software metrics;system monitoring;SPECcpu 2000;adaptive systems;cross-metric predictors;hardware counters;instructions;microarchitectures;optimization;program time-varying behavior prediction;statistical predictors;table-based predictors;Adaptive systems;Aggregates;Application software;Computer architecture;Counting circuits;Energy efficiency;Hardware;Optimizing compilers;Resource management;Software systems}, 
doi={10.1109/PACT.2003.1238018}, 
ISSN={1089-795X},}

@inproceedings{37124,
title = {The Impact of Memory Subsystem Resource Sharing on Datacenter Applications},
author  = {Lingjia Tang and Jason Mars and Neil Vachharajani and Robert Hundt and Mary-Lou Soffa},
year  = 2011,
booktitle = {ISCA}
}

@inproceedings{reqos,
author = {Tang, Lingjia and Mars, Jason and Wang, Wei and Dey, Tanima and Soffa, Mary Lou},
title = {ReQoS: Reactive Static/Dynamic Compilation for QoS in Warehouse Scale Computers},
booktitle = {Proceedings of the Eighteenth International Conference on Architectural Support for Programming Languages and Operating Systems (ASPLOS)},
series = {ASPLOS '13},
year = {2013},
isbn = {978-1-4503-1870-9},
location = {Houston, Texas, USA},
pages = {89--100},
numpages = {12},
url = {http://doi.acm.org/10.1145/2451116.2451126},
doi = {10.1145/2451116.2451126},
acmid = {2451126},
publisher = {ACM},
address = {New York, NY, USA},
keywords = {compiler, contention, cross-core interference, datacenter, dynamic techniques, multicore, online adaptation, quality of service, runtime systems, warehouse scale computers},
note = {Acceptance Rate: 23%},
}

@inproceedings{mars13isca,
author = {Mars, Jason and Tang, Lingjia},
title = {Whare-map: Heterogeneity in "Homogeneous" Warehouse-scale Computers},
booktitle = {Proceedings of the 40th Annual International Symposium on Computer Architecture (ISCA)},
series = {ISCA '13},
year = {2013},
isbn = {978-1-4503-2079-5},
location = {Tel-Aviv, Israel},
pages = {619--630},
numpages = {12},
url = {http://doi.acm.org/10.1145/2485922.2485975},
doi = {10.1145/2485922.2485975},
acmid = {2485975},
publisher = {ACM},
address = {New York, NY, USA},
note = {Acceptance Rate: 19% - Featured in Wired Magazine!},
}

@article{percycle,
 author = {Du Bois, Kristof and Eyerman, Stijn and Eeckhout, Lieven},
 title = {Per-thread Cycle Accounting in Multicore Processors},
 journal = {ACM Trans. Archit. Code Optim.},
 issue_date = {January 2013},
 volume = {9},
 number = {4},
 month = jan,
 year = {2013},
 issn = {1544-3566},
 pages = {29:1--29:22},
 articleno = {29},
 numpages = {22},
 url = {http://doi.acm.org/10.1145/2400682.2400688},
 doi = {10.1145/2400682.2400688},
 acmid = {2400688},
 publisher = {ACM},
 address = {New York, NY, USA},
 keywords = {Multicore processors, hardware/software interface, interference, performance analysis, resource sharing, scheduling},
} 






@inproceedings{mise,
 author = {Subramanian, Lavanya and Seshadri, Vivek and Kim, Yoongu and Jaiyen, Ben and Mutlu, Onur},
 title = {MISE: Providing Performance Predictability and Improving Fairness in Shared Main Memory Systems},
 booktitle = {Proceedings of the 2013 IEEE 19th International Symposium on High Performance Computer Architecture (HPCA)},
 series = {HPCA '13},
 year = {2013},
 isbn = {978-1-4673-5585-8},
 pages = {639--650},
 numpages = {12},
 url = {http://dx.doi.org/10.1109/HPCA.2013.6522356},
 doi = {10.1109/HPCA.2013.6522356},
 acmid = {2495485},
 publisher = {IEEE Computer Society},
 address = {Washington, DC, USA},
} 




@inproceedings{Bellard:2005:QFP:1247360.1247401,
 author = {Bellard, Fabrice},
 title = {QEMU, a Fast and Portable Dynamic Translator},
 booktitle = {Proceedings of the Annual Conference on USENIX Annual Technical Conference},
 series = {ATEC '05},
 year = {2005},
 location = {Anaheim, CA},
 pages = {41--41},
 numpages = {1},
 url = {http://dl.acm.org/citation.cfm?id=1247360.1247401},
 acmid = {1247401},
 publisher = {USENIX Association},
 address = {Berkeley, CA, USA},
} 

@INPROCEEDINGS{6621127, 
author={Gupta, A. and Sampson, J. and Taylor, M.B.}, 
booktitle={Embedded Computer Systems: Architectures, Modeling, and Simulation (SAMOS XIII), 2013 International Conference on}, 
title={TimeCube: A manycore embedded processor with interference-agnostic progress tracking}, 
year={2013}, 
month={July}, 
pages={227-236}, 
keywords={cloud computing;embedded systems;interference;microprocessor chips;multiprocessing systems;resource allocation;48-core SCC;CPU-time decorrelation;Progress Time;Tilera Tile Gx100;TimeCube processor;cloud services;dynamic execution isolation;embedded computing;interference-agnostic progress tracking;low-power embedded processors;manycore chips;manycore embedded processor;microarchitectural resources;microarchitectural structures;multicore processors;online architectural resource management;shadow performance modeling;space-multiplexed systems;throughput improvement;Bandwidth;Channel allocation;Embedded systems;Interference;Prefetching;Random access memory;Resource management}, 
doi={10.1109/SAMOS.2013.6621127},}

@inproceedings{Solihin:1999:SPQ:331532.331549,
 author = {Solihin, Yan and Lam, Vinh and Torrellas, Josep},
 title = {Scal-Tool: Pinpointing and Quantifying Scalability Bottlenecks in DSM Multiprocessors},
 booktitle = {Proceedings of the 1999 ACM/IEEE Conference on Supercomputing},
 series = {SC '99},
 year = {1999},
 isbn = {1-58113-091-0},
 location = {Portland, Oregon, USA},
 articleno = {17},
 url = {http://doi.acm.org/10.1145/331532.331549},
 doi = {10.1145/331532.331549},
 acmid = {331549},
 publisher = {ACM},
 address = {New York, NY, USA},
} 


@article{denew,
  title={The New Linux perf Tools},
  author={de Melo, Arnaldo Carvalho}
}



@ARTICLE{6133267, 
author={Ki-Woong Park and Jaesun Han and JaeWoong Chung and Kyu Ho Park}, 
journal={Services Computing, IEEE Transactions on}, 
title={THEMIS: A Mutually Verifiable Billing System for the Cloud Computing Environment}, 
year={2013}, 
month={July}, 
volume={6}, 
number={3}, 
pages={300-313}, 
keywords={cloud computing;security of data;software performance evaluation;system monitoring;trusted computing;PKI;S-Mon;THEMIS billing transaction;TPM;cloud computing environment;cloud computing service;cloud notary authority;computational overhead;forgery-resistive SLA monitoring mechanism;iCubeCloud;nonobstructive billing system;performance evaluation;security capability;service level agreement monitoring;trusted platform module;verifiable billing system;Cloud computing;Computer architecture;Digital signatures;Grid computing;Monitoring;Protocols;Records;and resource allocation;pricing;transaction processing;verification}, 
doi={10.1109/TSC.2012.1}, 
ISSN={1939-1374},}

@INPROCEEDINGS{5279594, 
author={Elmroth, E. and Marquez, F.G. and Henriksson, D. and Ferrera, D.P.}, 
booktitle={Grid and Cooperative Computing, 2009. GCC '09. Eighth International Conference on}, 
title={Accounting and Billing for Federated Cloud Infrastructures}, 
year={2009}, 
month={Aug}, 
pages={268-275}, 
keywords={resource allocation;virtual machines;RESERVOIR project;data center;federated cloud computing infrastructure;postpaid payment scheme;prepaid payment scheme;resources-services virtualization;service level agreement;usage scenario;Cloud computing;Collaboration;Computer architecture;Grid computing;Reservoirs;Resource virtualization;Subcontracting;Technology management;Time factors;Virtual machining;RESERVOIR;SGAS;accounting;billing;cloud computing;grid computing}, 
doi={10.1109/GCC.2009.37},}




@inproceedings{Isci:2006:LRP:1194816.1194851,
 author = {Isci, Canturk and Contreras, Gilberto and Martonosi, Margaret},
 title = {Live, Runtime Phase Monitoring and Prediction on Real Systems with Application to Dynamic Power Management},
 booktitle = {Proceedings of the 39th Annual IEEE/ACM International Symposium on Microarchitecture},
 series = {MICRO 39},
 year = {2006},
 isbn = {0-7695-2732-9},
 pages = {359--370},
 numpages = {12},
 url = {http://dx.doi.org/10.1109/MICRO.2006.30},
 doi = {10.1109/MICRO.2006.30},
 acmid = {1194851},
 publisher = {IEEE Computer Society},
 address = {Washington, DC, USA},
} 
@INPROCEEDINGS{1598119, 
author={Isci, C. and Martonosi, M.}, 
booktitle={High-Performance Computer Architecture, 2006. The Twelfth International Symposium on}, 
title={Phase characterization for power: evaluating control-flow-based and event-counter-based techniques}, 
year={2006}, 
month={Feb}, 
pages={121-132}, 
keywords={benchmark testing;computer architecture;performance evaluation;power consumption;SPEC2000 benchmark;basic block vector;code-oriented technique;control-flow sampling;event counter;mainstream desktop application;performance counter;power consumption;power phase characterization;real-system power measurement;Counting circuits;Energy consumption;Hardware;Performance analysis;Phase measurement;Power measurement;Power system management;Runtime;Sampling methods;Software systems}, 
doi={10.1109/HPCA.2006.1598119}, 
ISSN={1530-0897},}

@inproceedings{consen,
author = {Tang, Lingjia and Mars, Jason and Soffa, Mary Lou},
title = {Contentiousness vs. sensitivity: improving contention aware runtime systems on multicore architectures},
booktitle = {Proceedings of the 1st International Workshop on Adaptive Self-Tuning Computing Systems for the Exaflop Era (co-located with PLDI 2011)},
year = {2011},
isbn = {978-1-4503-0708-6},
location = {San Jose, California},
pages = {12--21},
numpages = {10},
url = {http://doi.acm.org/10.1145/2000417.2000419},
doi = {http://doi.acm.org/10.1145/2000417.2000419},
acmid = {2000419},
publisher = {ACM},
address = {New York, NY, USA},
keywords = {contention aware runtimes, contentiousness vs sensitivity, memory subsystems, multicore processors, scheduling},
}
@inproceedings{Nathuji:2010:QMP:1755913.1755938,
 author = {Nathuji, Ripal and Kansal, Aman and Ghaffarkhah, Alireza},
 title = {Q-clouds: Managing Performance Interference Effects for QoS-aware Clouds},
 booktitle = {Proceedings of the 5th European Conference on Computer Systems},
 series = {EuroSys '10},
 year = {2010},
 isbn = {978-1-60558-577-2},
 location = {Paris, France},
 pages = {237--250},
 numpages = {14},
 url = {http://doi.acm.org/10.1145/1755913.1755938},
 doi = {10.1145/1755913.1755938},
 acmid = {1755938},
 publisher = {ACM},
 address = {New York, NY, USA},
 keywords = {cloud computing, resource management, virtualization},
}
@inproceedings{Govindan:2011:CQE:2038916.2038938,
 author = {Govindan, Sriram and Liu, Jie and Kansal, Aman and Sivasubramaniam, Anand},
 title = {Cuanta: Quantifying Effects of Shared On-chip Resource Interference for Consolidated Virtual Machines},
 booktitle = {Proceedings of the 2Nd ACM Symposium on Cloud Computing},
 series = {SOCC '11},
 year = {2011},
 isbn = {978-1-4503-0976-9},
 location = {Cascais, Portugal},
 pages = {22:1--22:14},
 articleno = {22},
 numpages = {14},
 url = {http://doi.acm.org/10.1145/2038916.2038938},
 doi = {10.1145/2038916.2038938},
 acmid = {2038938},
 publisher = {ACM},
 address = {New York, NY, USA},
 keywords = {cache pressure clone, last-level cache, memory subsystem interference, performance estimation, resource contention, workload consolidation},
}
@inproceedings{bubbleup,
author = {Mars, Jason and Tang, Lingjia and Hundt, Robert and Skadron, Kevin and Soffa, Mary Lou},
title = {Bubble-Up: Increasing Utilization in Modern Warehouse Scale Computers via Sensible Co-locations},
booktitle = {Proceedings of the 44th Annual IEEE/ACM International Symposium on Microarchitecture (MICRO)},
series = {MICRO-44},
year = {2011},
isbn = {978-1-4503-1053-6},
location = {Porto Alegre, Brazil},
pages = {248--259},
numpages = {12},
url = {http://doi.acm.org/10.1145/2155620.2155650},
doi = {10.1145/2155620.2155650},
acmid = {2155650},
publisher = {ACM},
address = {New York, NY, USA},
note = {Acceptance Rate: 21% - Selected for IEEE MICRO TOP PICKS},
}
@inproceedings{stfm,
 author = {Mutlu, Onur and Moscibroda, Thomas},
 title = {Stall-Time Fair Memory Access Scheduling for Chip Multiprocessors},
 booktitle = {Proceedings of the 40th Annual IEEE/ACM International Symposium on Microarchitecture},
 series = {MICRO 40},
 year = {2007},
 isbn = {0-7695-3047-8},
 pages = {146--160},
 numpages = {15},
 url = {http://dx.doi.org/10.1109/MICRO.2007.40},
 doi = {10.1109/MICRO.2007.40},
 acmid = {1331715},
 publisher = {IEEE Computer Society},
 address = {Washington, DC, USA},
}
@inproceedings{fst,
 author = {Ebrahimi, Eiman and Lee, Chang Joo and Mutlu, Onur and Patt, Yale N.},
 title = {Fairness via Source Throttling: A Configurable and High-performance Fairness Substrate for Multi-core Memory Systems},
 booktitle = {Proceedings of the Fifteenth Edition of ASPLOS on Architectural Support for Programming Languages and Operating Systems},
 series = {ASPLOS XV},
 year = {2010},
 isbn = {978-1-60558-839-1},
 location = {Pittsburgh, Pennsylvania, USA},
 pages = {335--346},
 numpages = {12},
 url = {http://doi.acm.org/10.1145/1736020.1736058},
 doi = {10.1145/1736020.1736058},
 acmid = {1736058},
 publisher = {ACM},
 address = {New York, NY, USA},
 keywords = {fairness, multi-core systems, shared memory systems, system performance},
}
@INPROCEEDINGS{6844481, 
author={Gupta, A. and Sampson, J. and Taylor, M.B.}, 
booktitle={Performance Analysis of Systems and Software (ISPASS), 2014 IEEE International Symposium on}, 
title={Quality Time: A simple online technique for quantifying multicore execution efficiency}, 
year={2014}, 
month={March}, 
pages={169-179}, 
keywords={multiprocessing systems;performance evaluation;quality of service;shared memory systems;CPU time;QoS;Qplacer;Qtime;Qtop;memory interference;memory resources;multicore execution efficiency;multicore processors;online technique;quality time;user-space tools;Hardware;Instruction sets;Interference;Libraries;Multicore processing;Radiation detectors;Time measurement}, 
doi={10.1109/ISPASS.2014.6844481},}
@inproceedings{Zhuravlev:2010:ASR:1736020.1736036,
 author = {Zhuravlev, Sergey and Blagodurov, Sergey and Fedorova, Alexandra},
 title = {Addressing Shared Resource Contention in Multicore Processors via Scheduling},
 booktitle = {Proceedings of the Fifteenth Edition of ASPLOS on Architectural Support for Programming Languages and Operating Systems},
 series = {ASPLOS XV},
 year = {2010},
 isbn = {978-1-60558-839-1},
 location = {Pittsburgh, Pennsylvania, USA},
 pages = {129--142},
 numpages = {14},
 url = {http://doi.acm.org/10.1145/1736020.1736036},
 doi = {10.1145/1736020.1736036},
 acmid = {1736036},
 publisher = {ACM},
 address = {New York, NY, USA},
 keywords = {multicore processors, scheduling, shared resource contention},
}
@article{fairpricing,
author = {Alex D. Breslow and
Ananta Tiwari and
Martin Schulz and
Laura Carrington and
Lingjia Tang and
Jason Mars},
title = {Enabling fair pricing on high performance computer systems with node sharing},
journal = {Scientific Programming},
year = {2014},
volume = {22},
number = {2},
pages = {59--74},
url = {http://dx.doi.org/10.3233/SPR-140387},
doi = {10.3233/SPR-140387},
timestamp = {Fri, 05 Sep 2014 13:19:44 +0200},
biburl = {http://dblp.uni-trier.de/rec/bib/journals/sp/BreslowTSCTM14},
bibsource = {dblp computer science bibliography, http://dblp.org}
}
@inproceedings{Soares:2008:RHE:1521747.1521800,
 author = {Soares, Livio and Tam, David and Stumm, Michael},
 title = {Reducing the Harmful Effects of Last-level Cache Polluters with an OS-level, Software-only Pollute Buffer},
 booktitle = {Proceedings of the 41st Annual IEEE/ACM International Symposium on Microarchitecture},
 series = {MICRO 41},
 year = {2008},
 isbn = {978-1-4244-2836-6},
 pages = {258--269},
 numpages = {12},
 url = {http://dx.doi.org/10.1109/MICRO.2008.4771796},
 doi = {10.1109/MICRO.2008.4771796},
 acmid = {1521800},
 publisher = {IEEE Computer Society},
 address = {Washington, DC, USA},
}
@inproceedings{Blagodurov:2011:CNC:2002181.2002182,
 author = {Blagodurov, Sergey and Zhuravlev, Sergey and Dashti, Mohammad and Fedorova, Alexandra},
 title = {A Case for NUMA-aware Contention Management on Multicore Systems},
 booktitle = {Proceedings of the 2011 USENIX Conference on USENIX Annual Technical Conference},
 series = {USENIXATC'11},
 year = {2011},
 location = {Portland, OR},
 pages = {1--1},
 numpages = {1},
 url = {http://dl.acm.org/citation.cfm?id=2002181.2002182},
 acmid = {2002182},
 publisher = {USENIX Association},
 address = {Berkeley, CA, USA},
}
@inproceedings{Suh:2002:NMM:874076.876484,
 author = {Suh, G. Edward and Devadas, Srinivas and Rudolph, Larry},
 title = {A New Memory Monitoring Scheme for Memory-Aware Scheduling and Partitioning},
 booktitle = {Proceedings of the 8th International Symposium on High-Performance Computer Architecture},
 series = {HPCA '02},
 year = {2002},
 pages = {117--},
 url = {http://dl.acm.org/citation.cfm?id=874076.876484},
 acmid = {876484},
 publisher = {IEEE Computer Society},
 address = {Washington, DC, USA},
}
@inproceedings{Qureshi:2006:UCP:1194816.1194855,
 author = {Qureshi, Moinuddin K. and Patt, Yale N.},
 title = {Utility-Based Cache Partitioning: A Low-Overhead, High-Performance, Runtime Mechanism to Partition Shared Caches},
 booktitle = {Proceedings of the 39th Annual IEEE/ACM International Symposium on Microarchitecture},
 series = {MICRO 39},
 year = {2006},
 isbn = {0-7695-2732-9},
 pages = {423--432},
 numpages = {10},
 url = {http://dx.doi.org/10.1109/MICRO.2006.49},
 doi = {10.1109/MICRO.2006.49},
 acmid = {1194855},
 publisher = {IEEE Computer Society},
 address = {Washington, DC, USA},
}
@inproceedings{Rafique:2006:ASO:1152154.1152160,
 author = {Rafique, Nauman and Lim, Won-Taek and Thottethodi, Mithuna},
 title = {Architectural Support for Operating System-driven CMP Cache Management},
 booktitle = {Proceedings of the 15th International Conference on Parallel Architectures and Compilation Techniques},
 series = {PACT '06},
 year = {2006},
 isbn = {1-59593-264-X},
 location = {Seattle, Washington, USA},
 pages = {2--12},
 numpages = {11},
 url = {http://doi.acm.org/10.1145/1152154.1152160},
 doi = {10.1145/1152154.1152160},
 acmid = {1152160},
 publisher = {ACM},
 address = {New York, NY, USA},
 keywords = {CMP, OS, QoS, SLAs, cache, fairness, interface, quotas},
} 

@inproceedings{Rafique:2007:EMD:1299042.1299052,
 author = {Rafique, Nauman and Lim, Won-Taek and Thottethodi, Mithuna},
 title = {Effective Management of DRAM Bandwidth in Multicore Processors},
 booktitle = {Proceedings of the 16th International Conference on Parallel Architecture and Compilation Techniques},
 series = {PACT '07},
 year = {2007},
 isbn = {0-7695-2944-5},
 pages = {245--258},
 numpages = {14},
 url = {http://dx.doi.org/10.1109/PACT.2007.29},
 doi = {10.1109/PACT.2007.29},
 acmid = {1299052},
 publisher = {IEEE Computer Society},
 address = {Washington, DC, USA},
}
@inproceedings{Srikantaiah:2008:ASP:1346281.1346299,
 author = {Srikantaiah, Shekhar and Kandemir, Mahmut and Irwin, Mary Jane},
 title = {Adaptive Set Pinning: Managing Shared Caches in Chip Multiprocessors},
 booktitle = {Proceedings of the 13th International Conference on Architectural Support for Programming Languages and Operating Systems},
 series = {ASPLOS XIII},
 year = {2008},
 isbn = {978-1-59593-958-6},
 location = {Seattle, WA, USA},
 pages = {135--144},
 numpages = {10},
 url = {http://doi.acm.org/10.1145/1346281.1346299},
 doi = {10.1145/1346281.1346299},
 acmid = {1346299},
 publisher = {ACM},
 address = {New York, NY, USA},
 keywords = {CMP, inter-processor, intra-processor, set pinning, shared cache},
} 

@inproceedings{Srikantaiah:2009:CIP:1654059.1654066,
 author = {Srikantaiah, Shekhar and Das, Reetuparna and Mishra, Asit K. and Das, Chita R. and Kandemir, Mahmut},
 title = {A Case for Integrated Processor-cache Partitioning in Chip Multiprocessors},
 booktitle = {Proceedings of the Conference on High Performance Computing Networking, Storage and Analysis},
 series = {SC '09},
 year = {2009},
 isbn = {978-1-60558-744-8},
 location = {Portland, Oregon},
 pages = {6:1--6:12},
 articleno = {6},
 numpages = {12},
 url = {http://doi.acm.org/10.1145/1654059.1654066},
 doi = {10.1145/1654059.1654066},
 acmid = {1654066},
 publisher = {ACM},
 address = {New York, NY, USA},
}
@inproceedings{Ahn:2012:DVM:2342763.2342782,
 author = {Ahn, Jeongseob and Kim, Changdae and Han, Jaeung and Choi, Young-Ri and Huh, Jaehyuk},
 title = {Dynamic Virtual Machine Scheduling in Clouds for Architectural Shared Resources},
 booktitle = {Proceedings of the 4th USENIX Conference on Hot Topics in Cloud Ccomputing},
 series = {HotCloud'12},
 year = {2012},
 location = {Boston, MA},
 pages = {19--19},
 numpages = {1},
 url = {http://dl.acm.org/citation.cfm?id=2342763.2342782},
 acmid = {2342782},
 publisher = {USENIX Association},
 address = {Berkeley, CA, USA},
}
@inproceedings{bubbleflux,
 author = {Yang, Hailong and Breslow, Alex and Mars, Jason and Tang, Lingjia},
 title = {Bubble-flux: Precise Online QoS Management for Increased Utilization in Warehouse Scale Computers},
 booktitle = {Proceedings of the 40th Annual International Symposium on Computer Architecture},
 series = {ISCA '13},
 year = {2013},
 isbn = {978-1-4503-2079-5},
 location = {Tel-Aviv, Israel},
 pages = {607--618},
 numpages = {12},
 url = {http://doi.acm.org/10.1145/2485922.2485974},
 doi = {10.1145/2485922.2485974},
 acmid = {2485974},
 publisher = {ACM},
 address = {New York, NY, USA},
}
@inproceedings{Delimitrou:2013:PQS:2451116.2451125,
 author = {Delimitrou, Christina and Kozyrakis, Christos},
 title = {Paragon: QoS-aware Scheduling for Heterogeneous Datacenters},
 booktitle = {Proceedings of the Eighteenth International Conference on Architectural Support for Programming Languages and Operating Systems},
 series = {ASPLOS '13},
 year = {2013},
 isbn = {978-1-4503-1870-9},
 location = {Houston, Texas, USA},
 pages = {77--88},
 numpages = {12},
 url = {http://doi.acm.org/10.1145/2451116.2451125},
 doi = {10.1145/2451116.2451125},
 acmid = {2451125},
 publisher = {ACM},
 address = {New York, NY, USA},
 keywords = {cloud computing, datacenter, heterogeneity, interference, qos, scheduling},
}
@inproceedings{Nesbit:2006:FQM,
 author = {Nesbit, Kyle J. and Aggarwal, Nidhi and Laudon, James and Smith, James E.},
 title = {Fair Queuing Memory Systems},
 booktitle = {Proceedings of the 39th Annual IEEE/ACM International Symposium on Microarchitecture},
 series = {MICRO 39},
 year = {2006},
 isbn = {0-7695-2732-9},
 pages = {208--222},
 numpages = {15},
 url = {http://dx.doi.org/10.1109/MICRO.2006.24},
 doi = {10.1109/MICRO.2006.24},
 acmid = {1194839},
 publisher = {IEEE Computer Society},
 address = {Washington, DC, USA},
}
@inproceedings{Novakovic:2013:DTI:2535461.2535489,
 author = {Novakovi\'{c}, Dejan and Vasi\'{c}, Nedeljko and Novakovi\'{c}, Stanko and Kosti\'{c}, Dejan and Bianchini, Ricardo},
 title = {DeepDive: Transparently Identifying and Managing Performance Interference in Virtualized Environments},
 booktitle = {Proceedings of the 2013 USENIX Conference on Annual Technical Conference},
 series = {USENIX ATC'13},
 year = {2013},
 location = {San Jose, CA},
 pages = {219--230},
 numpages = {12},
 url = {http://dl.acm.org/citation.cfm?id=2535461.2535489},
 acmid = {2535489},
 publisher = {USENIX Association},
 address = {Berkeley, CA, USA},
}
@misc{amazon,
annote = {$\backslash$url\{http://aws.amazon.com/ec2/purchasing-options/}},
author = {{Amazon Inc.}},
month = nov,
publisher = {Amazon},
title = {{Amazon Elastic Compute Cloud(EC2)}},
year = {2008}
}
@inproceedings{Ma:2015:SDS:2694344.2694382,
 author = {Ma, Jiuyue and Sui, Xiufeng and Sun, Ninghui and Li, Yupeng and Yu, Zihao and Huang, Bowen and Xu, Tianni and Yao, Zhicheng and Chen, Yun and Wang, Haibin and Zhang, Lixin and Bao, Yungang},
 title = {Supporting Differentiated Services in Computers via Programmable Architecture for Resourcing-on-Demand (PARD)},
 booktitle = {Proceedings of the Twentieth International Conference on Architectural Support for Programming Languages and Operating Systems},
 series = {ASPLOS '15},
 year = {2015},
 isbn = {978-1-4503-2835-7},
 location = {Istanbul, Turkey},
 pages = {131--143},
 numpages = {13},
 url = {http://doi.acm.org/10.1145/2694344.2694382},
 doi = {10.1145/2694344.2694382},
 acmid = {2694382},
 publisher = {ACM},
 address = {New York, NY, USA},
 keywords = {QoS, data center, hardware/software interface},
}
@inproceedings{Varadarajan:2012:RAI:2382196.2382228,
 author = {Varadarajan, Venkatanathan and Kooburat, Thawan and Farley, Benjamin and Ristenpart, Thomas and Swift, Michael M.},
 title = {Resource-freeing Attacks: Improve Your Cloud Performance (at Your Neighbor's Expense)},
 booktitle = {Proceedings of the 2012 ACM Conference on Computer and Communications Security},
 series = {CCS '12},
 year = {2012},
 isbn = {978-1-4503-1651-4},
 location = {Raleigh, North Carolina, USA},
 pages = {281--292},
 numpages = {12},
 url = {http://doi.acm.org/10.1145/2382196.2382228},
 doi = {10.1145/2382196.2382228},
 acmid = {2382228},
 publisher = {ACM},
 address = {New York, NY, USA},
 keywords = {cloud computing, resource-freeing attacks, scheduling, security, virtualization},
}
@inproceedings{Ahn:2014:MVP:2742155.2742195,
 author = {Ahn, Jeongseob and Park, Chang Hyun and Huh, Jaehyuk},
 title = {Micro-Sliced Virtual Processors to Hide the Effect of Discontinuous CPU Availability for Consolidated Systems},
 booktitle = {Proceedings of the 47th Annual IEEE/ACM International Symposium on Microarchitecture},
 series = {MICRO-47},
 year = {2014},
 isbn = {978-1-4799-6998-2},
 location = {Cambridge, United Kingdom},
 pages = {394--405},
 numpages = {12},
 url = {http://dx.doi.org/10.1109/MICRO.2014.49},
 doi = {10.1109/MICRO.2014.49},
 acmid = {2742195},
 publisher = {IEEE Computer Society},
 address = {Washington, DC, USA},
 keywords = {context prefetch, context preservation, virtual time discontinuity, virtualization},
} 

@INPROCEEDINGS{Daly, 
    author={Daly, D. and Cain, H.W.}, 
    booktitle={Proceedings of the 18th International Symposium on High Performance Computer Architecture (HPCA) }, 
    title={Cache restoration for highly partitioned virtualized systems}, 
    year={2012}, 
    keywords={cache storage;memory architecture;multiprogramming;scheduling;virtual machines;virtualisation;POWER7 system;cache restoration;cycle-accurate simulation;hardware-based prefetching mechanism;highly partitioned virtualized systems;microarchitectural state;multiple virtual machines;multiprogrammed virtualization;per-core L3 last-level cache;performance improvement;server consolidation;server-class systems;virtualization features;virtualization software;Bandwidth;Hardware;Operating systems;Prefetching;Registers;Servers;Switches}, 
    doi={10.1109/HPCA.2012.6169029}, 
    ISSN={1530-0897},
}


@INPROCEEDINGS{ReCap, 
    author={Zebchuk, J. and Cain, H.W. and Xin Tong and Srinivasan, V. and Moshovos, A.}, 
    booktitle={Proceedings of the 19th International Symposium on High Performance Computer Architecture (HPCA) }, 
    title={{RECAP}: A region-based cure for the common cold (cache)}, 
    year={2013}, 
    keywords={cache storage;data compression;multiprogramming;power aware computing;processor scheduling;supervisory programs;virtual machines;virtualisation;L2 cache;RECAP;bandwidth overhead reduction;block reuse-based filtering;cache blocks;coarse-grain memory regions;cold cache effect reduction;compression technique;energy-delay product reduction;fine-grain sharing;hypervisor;management overhead reduction;metadata reading;metadata writing;multiprogrammed virtualization;performance improvement;processor scheduling;region-based cache restoration prefetcher;single processor core time-share;spatial locality;virtual machines}, 
    doi={10.1109/HPCA.2013.6522309}, 
    ISSN={1530-0897},
}

@inproceedings{Liu:2014:OVM:2665671.2665720,
 author = {Liu, Ming and Li, Tao},
 title = {Optimizing Virtual Machine Consolidation Performance on NUMA Server Architecture for Cloud Workloads},
 booktitle = {Proceeding of the 41st Annual International Symposium on Computer Architecuture},
 series = {ISCA '14},
 year = {2014},
 isbn = {978-1-4799-4394-4},
 location = {Minneapolis, Minnesota, USA},
 pages = {325--336},
 numpages = {12},
 url = {http://dl.acm.org/citation.cfm?id=2665671.2665720},
 acmid = {2665720},
 publisher = {IEEE Press},
 address = {Piscataway, NJ, USA},
} 

@INPROCEEDINGS{6522328,
author={Jia Rao and Kun Wang and Xiaobo Zhou and Cheng-zhong Xu},
booktitle={High Performance Computer Architecture (HPCA2013), 2013 IEEE 19th International Symposium on},
title={Optimizing virtual machine scheduling in NUMA multicore systems},
year={2013},
month={Feb},
pages={306-317},
keywords={memory architecture;multiprocessing systems;performance evaluation;processor scheduling;virtual machines;BRM algorithm;Xen credit scheduler;Xen virtual machine monitor;bias random vCPU migration algorithm;complex interplay;cross-node data sharing overhead;data locality;machine hardware;memory subsystem;nonuniform memory access architecture;optimal program performance;predictable program performance;scalable memory performance;shared on-chip memory resources;system-level optimizations;system-wide uncore penalty;two-way Intel NUMA multicore system;virtual hardware;virtual machine scheduling optimization;Benchmark testing;Hardware;Instruction sets;Multicore processing;Sockets;Topology},
doi={10.1109/HPCA.2013.6522328},
ISSN={1530-0897},}
@article{Vasic:2012:DAR:2248487.2151021,
 author = {Vasi\'{c}, Nedeljko and Novakovi\'{c}, Dejan and Miu\v{c}in, Svetozar and Kosti\'{c}, Dejan and Bianchini, Ricardo},
 title = {DejaVu: Accelerating Resource Allocation in Virtualized Environments},
 journal = {SIGPLAN Not.},
 issue_date = {April 2012},
 volume = {47},
 number = {4},
 month = mar,
 year = {2012},
 issn = {0362-1340},
 pages = {423--436},
 numpages = {14},
 url = {http://doi.acm.org/10.1145/2248487.2151021},
 doi = {10.1145/2248487.2151021},
 acmid = {2151021},
 publisher = {ACM},
 address = {New York, NY, USA},
 keywords = {data center, resource management, virtualization},
}
@inproceedings{Tang:2013:RRS:2451116.2451126,
 author = {Tang, Lingjia and Mars, Jason and Wang, Wei and Dey, Tanima and Soffa, Mary Lou},
 title = {ReQoS: Reactive Static/Dynamic Compilation for QoS in Warehouse Scale Computers},
 booktitle = {Proceedings of the Eighteenth International Conference on Architectural Support for Programming Languages and Operating Systems},
 series = {ASPLOS '13},
 year = {2013},
 isbn = {978-1-4503-1870-9},
 location = {Houston, Texas, USA},
 pages = {89--100},
 numpages = {12},
 url = {http://doi.acm.org/10.1145/2451116.2451126},
 doi = {10.1145/2451116.2451126},
 acmid = {2451126},
 publisher = {ACM},
 address = {New York, NY, USA},
 keywords = {compiler, contention, cross-core interference, datacenter, dynamic techniques, multicore, online adaptation, quality of service, runtime systems, warehouse scale computers},
}
@inproceedings{Mars:2013:WHH:2485922.2485975,
 author = {Mars, Jason and Tang, Lingjia},
 title = {Whare-map: Heterogeneity in "Homogeneous" Warehouse-scale Computers},
 booktitle = {Proceedings of the 40th Annual International Symposium on Computer Architecture},
 series = {ISCA '13},
 year = {2013},
 isbn = {978-1-4503-2079-5},
 location = {Tel-Aviv, Israel},
 pages = {619--630},
 numpages = {12},
 url = {http://doi.acm.org/10.1145/2485922.2485975},
 doi = {10.1145/2485922.2485975},
 acmid = {2485975},
 publisher = {ACM},
 address = {New York, NY, USA},
}
@inproceedings{Yang:2013:BPO:2485922.2485974,
 author = {Yang, Hailong and Breslow, Alex and Mars, Jason and Tang, Lingjia},
 title = {Bubble-flux: Precise Online QoS Management for Increased Utilization in Warehouse Scale Computers},
 booktitle = {Proceedings of the 40th Annual International Symposium on Computer Architecture},
 series = {ISCA '13},
 year = {2013},
 isbn = {978-1-4503-2079-5},
 location = {Tel-Aviv, Israel},
 pages = {607--618},
 numpages = {12},
 url = {http://doi.acm.org/10.1145/2485922.2485974},
 doi = {10.1145/2485922.2485974},
 acmid = {2485974},
 publisher = {ACM},
 address = {New York, NY, USA},
}
@inproceedings{Park:2013:RCH:2451116.2451137,
 author = {Park, Heekwon and Baek, Seungjae and Choi, Jongmoo and Lee, Donghee and Noh, Sam H.},
 title = {Regularities Considered Harmful: Forcing Randomness to Memory Accesses to Reduce Row Buffer Conflicts for Multi-core, Multi-bank Systems},
 booktitle = {Proceedings of the Eighteenth International Conference on Architectural Support for Programming Languages and Operating Systems},
 series = {ASPLOS '13},
 year = {2013},
 isbn = {978-1-4503-1870-9},
 location = {Houston, Texas, USA},
 pages = {181--192},
 numpages = {12},
 url = {http://doi.acm.org/10.1145/2451116.2451137},
 doi = {10.1145/2451116.2451137},
 acmid = {2451137},
 publisher = {ACM},
 address = {New York, NY, USA},
 keywords = {analysis tool, memory container, memory management, randomized algorithm, row-buffer conflict},
}
@inproceedings{Liu:2014:GVM:2665671.2665698,
 author = {Liu, Lei and Li, Yong and Cui, Zehan and Bao, Yungang and Chen, Mingyu and Wu, Chengyong},
 title = {Going Vertical in Memory Management: Handling Multiplicity by Multi-policy},
 booktitle = {Proceeding of the 41st Annual International Symposium on Computer Architecuture},
 series = {ISCA '14},
 year = {2014},
 isbn = {978-1-4799-4394-4},
 location = {Minneapolis, Minnesota, USA},
 pages = {169--180},
 numpages = {12},
 url = {http://dl.acm.org/citation.cfm?id=2665671.2665698},
 acmid = {2665698},
 publisher = {IEEE Press},
 address = {Piscataway, NJ, USA},
}
