@inproceedings{Nathuji:2010:QMP:1755913.1755938,
 author = {Nathuji, Ripal and Kansal, Aman and Ghaffarkhah, Alireza},
 title = {Q-clouds: Managing Performance Interference Effects for QoS-aware Clouds},
 booktitle = {Proceedings of the 5th European Conference on Computer Systems},
 series = {EuroSys '10},
 year = {2010},
 isbn = {978-1-60558-577-2},
 location = {Paris, France},
 pages = {237--250},
 numpages = {14},
 url = {http://doi.acm.org/10.1145/1755913.1755938},
 doi = {10.1145/1755913.1755938},
 acmid = {1755938},
 publisher = {ACM},
 address = {New York, NY, USA},
 keywords = {cloud computing, resource management, virtualization},
}
@inproceedings{Govindan:2011:CQE:2038916.2038938,
 author = {Govindan, Sriram and Liu, Jie and Kansal, Aman and Sivasubramaniam, Anand},
 title = {Cuanta: Quantifying Effects of Shared On-chip Resource Interference for Consolidated Virtual Machines},
 booktitle = {Proceedings of the 2Nd ACM Symposium on Cloud Computing},
 series = {SOCC '11},
 year = {2011},
 isbn = {978-1-4503-0976-9},
 location = {Cascais, Portugal},
 pages = {22:1--22:14},
 articleno = {22},
 numpages = {14},
 url = {http://doi.acm.org/10.1145/2038916.2038938},
 doi = {10.1145/2038916.2038938},
 acmid = {2038938},
 publisher = {ACM},
 address = {New York, NY, USA},
 keywords = {cache pressure clone, last-level cache, memory subsystem interference, performance estimation, resource contention, workload consolidation},
}
@inproceedings{bubbleup,
author = {Mars, Jason and Tang, Lingjia and Hundt, Robert and Skadron, Kevin and Soffa, Mary Lou},
title = {Bubble-Up: Increasing Utilization in Modern Warehouse Scale Computers via Sensible Co-locations},
booktitle = {Proceedings of the 44th Annual IEEE/ACM International Symposium on Microarchitecture (MICRO)},
series = {MICRO-44},
year = {2011},
isbn = {978-1-4503-1053-6},
location = {Porto Alegre, Brazil},
pages = {248--259},
numpages = {12},
url = {http://doi.acm.org/10.1145/2155620.2155650},
doi = {10.1145/2155620.2155650},
acmid = {2155650},
publisher = {ACM},
address = {New York, NY, USA},
note = {Acceptance Rate: 21% - Selected for IEEE MICRO TOP PICKS},
}
@inproceedings{stfm,
 author = {Mutlu, Onur and Moscibroda, Thomas},
 title = {Stall-Time Fair Memory Access Scheduling for Chip Multiprocessors},
 booktitle = {Proceedings of the 40th Annual IEEE/ACM International Symposium on Microarchitecture},
 series = {MICRO 40},
 year = {2007},
 isbn = {0-7695-3047-8},
 pages = {146--160},
 numpages = {15},
 url = {http://dx.doi.org/10.1109/MICRO.2007.40},
 doi = {10.1109/MICRO.2007.40},
 acmid = {1331715},
 publisher = {IEEE Computer Society},
 address = {Washington, DC, USA},
} 

@INPROCEEDINGS{6522356, 
author={Subramanian, L. and Seshadri, V. and Yoongu Kim and Jaiyen, B. and Mutlu, O.}, 
booktitle={High Performance Computer Architecture (HPCA2013), 2013 IEEE 19th International Symposium on}, 
title={MISE: Providing performance predictability and improving fairness in shared main memory systems}, 
year={2013}, 
month={Feb}, 
pages={639-650}, 
keywords={performance evaluation;scheduling;shared memory systems;MISE model;application request;fairness improvement;inter-application interference;memory request;memory scheduling scheme;memory-bound application;memory-interference-induced slowdown estimation model;multicore system;performance degradation mitigation;performance predictability;quality-of-service;request-service-rate;shared main memory system;Abstracts;Organizations;Quality of service}, 
doi={10.1109/HPCA.2013.6522356}, 
ISSN={1530-0897},}
@inproceedings{fst,
 author = {Ebrahimi, Eiman and Lee, Chang Joo and Mutlu, Onur and Patt, Yale N.},
 title = {Fairness via Source Throttling: A Configurable and High-performance Fairness Substrate for Multi-core Memory Systems},
 booktitle = {Proceedings of the Fifteenth Edition of ASPLOS on Architectural Support for Programming Languages and Operating Systems},
 series = {ASPLOS XV},
 year = {2010},
 isbn = {978-1-60558-839-1},
 location = {Pittsburgh, Pennsylvania, USA},
 pages = {335--346},
 numpages = {12},
 url = {http://doi.acm.org/10.1145/1736020.1736058},
 doi = {10.1145/1736020.1736058},
 acmid = {1736058},
 publisher = {ACM},
 address = {New York, NY, USA},
 keywords = {fairness, multi-core systems, shared memory systems, system performance},
}
@INPROCEEDINGS{6844481, 
author={Gupta, A. and Sampson, J. and Taylor, M.B.}, 
booktitle={Performance Analysis of Systems and Software (ISPASS), 2014 IEEE International Symposium on}, 
title={Quality Time: A simple online technique for quantifying multicore execution efficiency}, 
year={2014}, 
month={March}, 
pages={169-179}, 
keywords={multiprocessing systems;performance evaluation;quality of service;shared memory systems;CPU time;QoS;Qplacer;Qtime;Qtop;memory interference;memory resources;multicore execution efficiency;multicore processors;online technique;quality time;user-space tools;Hardware;Instruction sets;Interference;Libraries;Multicore processing;Radiation detectors;Time measurement}, 
doi={10.1109/ISPASS.2014.6844481},}
@inproceedings{Zhuravlev:2010:ASR:1736020.1736036,
 author = {Zhuravlev, Sergey and Blagodurov, Sergey and Fedorova, Alexandra},
 title = {Addressing Shared Resource Contention in Multicore Processors via Scheduling},
 booktitle = {Proceedings of the Fifteenth Edition of ASPLOS on Architectural Support for Programming Languages and Operating Systems},
 series = {ASPLOS XV},
 year = {2010},
 isbn = {978-1-60558-839-1},
 location = {Pittsburgh, Pennsylvania, USA},
 pages = {129--142},
 numpages = {14},
 url = {http://doi.acm.org/10.1145/1736020.1736036},
 doi = {10.1145/1736020.1736036},
 acmid = {1736036},
 publisher = {ACM},
 address = {New York, NY, USA},
 keywords = {multicore processors, scheduling, shared resource contention},
}
@article{fairpricing,
author = {Alex D. Breslow and
Ananta Tiwari and
Martin Schulz and
Laura Carrington and
Lingjia Tang and
Jason Mars},
title = {Enabling fair pricing on high performance computer systems with node sharing},
journal = {Scientific Programming},
year = {2014},
volume = {22},
number = {2},
pages = {59--74},
url = {http://dx.doi.org/10.3233/SPR-140387},
doi = {10.3233/SPR-140387},
timestamp = {Fri, 05 Sep 2014 13:19:44 +0200},
biburl = {http://dblp.uni-trier.de/rec/bib/journals/sp/BreslowTSCTM14},
bibsource = {dblp computer science bibliography, http://dblp.org}
}
@inproceedings{Soares:2008:RHE:1521747.1521800,
 author = {Soares, Livio and Tam, David and Stumm, Michael},
 title = {Reducing the Harmful Effects of Last-level Cache Polluters with an OS-level, Software-only Pollute Buffer},
 booktitle = {Proceedings of the 41st Annual IEEE/ACM International Symposium on Microarchitecture},
 series = {MICRO 41},
 year = {2008},
 isbn = {978-1-4244-2836-6},
 pages = {258--269},
 numpages = {12},
 url = {http://dx.doi.org/10.1109/MICRO.2008.4771796},
 doi = {10.1109/MICRO.2008.4771796},
 acmid = {1521800},
 publisher = {IEEE Computer Society},
 address = {Washington, DC, USA},
}
@inproceedings{Blagodurov:2011:CNC:2002181.2002182,
 author = {Blagodurov, Sergey and Zhuravlev, Sergey and Dashti, Mohammad and Fedorova, Alexandra},
 title = {A Case for NUMA-aware Contention Management on Multicore Systems},
 booktitle = {Proceedings of the 2011 USENIX Conference on USENIX Annual Technical Conference},
 series = {USENIXATC'11},
 year = {2011},
 location = {Portland, OR},
 pages = {1--1},
 numpages = {1},
 url = {http://dl.acm.org/citation.cfm?id=2002181.2002182},
 acmid = {2002182},
 publisher = {USENIX Association},
 address = {Berkeley, CA, USA},
}
@inproceedings{Suh:2002:NMM:874076.876484,
 author = {Suh, G. Edward and Devadas, Srinivas and Rudolph, Larry},
 title = {A New Memory Monitoring Scheme for Memory-Aware Scheduling and Partitioning},
 booktitle = {Proceedings of the 8th International Symposium on High-Performance Computer Architecture},
 series = {HPCA '02},
 year = {2002},
 pages = {117--},
 url = {http://dl.acm.org/citation.cfm?id=874076.876484},
 acmid = {876484},
 publisher = {IEEE Computer Society},
 address = {Washington, DC, USA},
}
@article{overheadgoogle,
  title={Google-wide profiling: A continuous profiling infrastructure for data centers},
  author={Ren, Gang and Tune, Eric and Moseley, Tipp and Shi, Yixin and Rus, Silvius and Hundt, Robert},
  journal={IEEE micro},
  number={4},
  pages={65--79},
  year={2010},
  publisher={IEEE}
}
@inproceedings{Qureshi:2006:UCP:1194816.1194855,
 author = {Qureshi, Moinuddin K. and Patt, Yale N.},
 title = {Utility-Based Cache Partitioning: A Low-Overhead, High-Performance, Runtime Mechanism to Partition Shared Caches},
 booktitle = {Proceedings of the 39th Annual IEEE/ACM International Symposium on Microarchitecture},
 series = {MICRO 39},
 year = {2006},
 isbn = {0-7695-2732-9},
 pages = {423--432},
 numpages = {10},
 url = {http://dx.doi.org/10.1109/MICRO.2006.49},
 doi = {10.1109/MICRO.2006.49},
 acmid = {1194855},
 publisher = {IEEE Computer Society},
 address = {Washington, DC, USA},
}
@inproceedings{Rafique:2006:ASO:1152154.1152160,
 author = {Rafique, Nauman and Lim, Won-Taek and Thottethodi, Mithuna},
 title = {Architectural Support for Operating System-driven CMP Cache Management},
 booktitle = {Proceedings of the 15th International Conference on Parallel Architectures and Compilation Techniques},
 series = {PACT '06},
 year = {2006},
 isbn = {1-59593-264-X},
 location = {Seattle, Washington, USA},
 pages = {2--12},
 numpages = {11},
 url = {http://doi.acm.org/10.1145/1152154.1152160},
 doi = {10.1145/1152154.1152160},
 acmid = {1152160},
 publisher = {ACM},
 address = {New York, NY, USA},
 keywords = {CMP, OS, QoS, SLAs, cache, fairness, interface, quotas},
} 

@inproceedings{Rafique:2007:EMD:1299042.1299052,
 author = {Rafique, Nauman and Lim, Won-Taek and Thottethodi, Mithuna},
 title = {Effective Management of DRAM Bandwidth in Multicore Processors},
 booktitle = {Proceedings of the 16th International Conference on Parallel Architecture and Compilation Techniques},
 series = {PACT '07},
 year = {2007},
 isbn = {0-7695-2944-5},
 pages = {245--258},
 numpages = {14},
 url = {http://dx.doi.org/10.1109/PACT.2007.29},
 doi = {10.1109/PACT.2007.29},
 acmid = {1299052},
 publisher = {IEEE Computer Society},
 address = {Washington, DC, USA},
}
@inproceedings{Srikantaiah:2008:ASP:1346281.1346299,
 author = {Srikantaiah, Shekhar and Kandemir, Mahmut and Irwin, Mary Jane},
 title = {Adaptive Set Pinning: Managing Shared Caches in Chip Multiprocessors},
 booktitle = {Proceedings of the 13th International Conference on Architectural Support for Programming Languages and Operating Systems},
 series = {ASPLOS XIII},
 year = {2008},
 isbn = {978-1-59593-958-6},
 location = {Seattle, WA, USA},
 pages = {135--144},
 numpages = {10},
 url = {http://doi.acm.org/10.1145/1346281.1346299},
 doi = {10.1145/1346281.1346299},
 acmid = {1346299},
 publisher = {ACM},
 address = {New York, NY, USA},
 keywords = {CMP, inter-processor, intra-processor, set pinning, shared cache},
} 

@inproceedings{Srikantaiah:2009:CIP:1654059.1654066,
 author = {Srikantaiah, Shekhar and Das, Reetuparna and Mishra, Asit K. and Das, Chita R. and Kandemir, Mahmut},
 title = {A Case for Integrated Processor-cache Partitioning in Chip Multiprocessors},
 booktitle = {Proceedings of the Conference on High Performance Computing Networking, Storage and Analysis},
 series = {SC '09},
 year = {2009},
 isbn = {978-1-60558-744-8},
 location = {Portland, Oregon},
 pages = {6:1--6:12},
 articleno = {6},
 numpages = {12},
 url = {http://doi.acm.org/10.1145/1654059.1654066},
 doi = {10.1145/1654059.1654066},
 acmid = {1654066},
 publisher = {ACM},
 address = {New York, NY, USA},
}
@inproceedings{Ahn:2012:DVM:2342763.2342782,
 author = {Ahn, Jeongseob and Kim, Changdae and Han, Jaeung and Choi, Young-Ri and Huh, Jaehyuk},
 title = {Dynamic Virtual Machine Scheduling in Clouds for Architectural Shared Resources},
 booktitle = {Proceedings of the 4th USENIX Conference on Hot Topics in Cloud Ccomputing},
 series = {HotCloud'12},
 year = {2012},
 location = {Boston, MA},
 pages = {19--19},
 numpages = {1},
 url = {http://dl.acm.org/citation.cfm?id=2342763.2342782},
 acmid = {2342782},
 publisher = {USENIX Association},
 address = {Berkeley, CA, USA},
}
@inproceedings{bubbleflux,
 author = {Yang, Hailong and Breslow, Alex and Mars, Jason and Tang, Lingjia},
 title = {Bubble-flux: Precise Online QoS Management for Increased Utilization in Warehouse Scale Computers},
 booktitle = {Proceedings of the 40th Annual International Symposium on Computer Architecture},
 series = {ISCA '13},
 year = {2013},
 isbn = {978-1-4503-2079-5},
 location = {Tel-Aviv, Israel},
 pages = {607--618},
 numpages = {12},
 url = {http://doi.acm.org/10.1145/2485922.2485974},
 doi = {10.1145/2485922.2485974},
 acmid = {2485974},
 publisher = {ACM},
 address = {New York, NY, USA},
}
@inproceedings{Delimitrou:2013:PQS:2451116.2451125,
 author = {Delimitrou, Christina and Kozyrakis, Christos},
 title = {Paragon: QoS-aware Scheduling for Heterogeneous Datacenters},
 booktitle = {Proceedings of the Eighteenth International Conference on Architectural Support for Programming Languages and Operating Systems},
 series = {ASPLOS '13},
 year = {2013},
 isbn = {978-1-4503-1870-9},
 location = {Houston, Texas, USA},
 pages = {77--88},
 numpages = {12},
 url = {http://doi.acm.org/10.1145/2451116.2451125},
 doi = {10.1145/2451116.2451125},
 acmid = {2451125},
 publisher = {ACM},
 address = {New York, NY, USA},
 keywords = {cloud computing, datacenter, heterogeneity, interference, qos, scheduling},
}
@inproceedings{Nesbit:2006:FQM,
 author = {Nesbit, Kyle J. and Aggarwal, Nidhi and Laudon, James and Smith, James E.},
 title = {Fair Queuing Memory Systems},
 booktitle = {Proceedings of the 39th Annual IEEE/ACM International Symposium on Microarchitecture},
 series = {MICRO 39},
 year = {2006},
 isbn = {0-7695-2732-9},
 pages = {208--222},
 numpages = {15},
 url = {http://dx.doi.org/10.1109/MICRO.2006.24},
 doi = {10.1109/MICRO.2006.24},
 acmid = {1194839},
 publisher = {IEEE Computer Society},
 address = {Washington, DC, USA},
}
@inproceedings{Novakovic:2013:DTI:2535461.2535489,
 author = {Novakovi\'{c}, Dejan and Vasi\'{c}, Nedeljko and Novakovi\'{c}, Stanko and Kosti\'{c}, Dejan and Bianchini, Ricardo},
 title = {DeepDive: Transparently Identifying and Managing Performance Interference in Virtualized Environments},
 booktitle = {Proceedings of the 2013 USENIX Conference on Annual Technical Conference},
 series = {USENIX ATC'13},
 year = {2013},
 location = {San Jose, CA},
 pages = {219--230},
 numpages = {12},
 url = {http://dl.acm.org/citation.cfm?id=2535461.2535489},
 acmid = {2535489},
 publisher = {USENIX Association},
 address = {Berkeley, CA, USA},
}
@misc{amazon,
annote = {$\backslash$url\{http://aws.amazon.com/ec2/purchasing-options/}},
author = {{Amazon Inc.}},
publisher = {Amazon},
title = {{Amazon Elastic Compute Cloud(EC2)}}
}
@inproceedings{Ma:2015:SDS:2694344.2694382,
 author = {Ma, Jiuyue and Sui, Xiufeng and Sun, Ninghui and Li, Yupeng and Yu, Zihao and Huang, Bowen and Xu, Tianni and Yao, Zhicheng and Chen, Yun and Wang, Haibin and Zhang, Lixin and Bao, Yungang},
 title = {Supporting Differentiated Services in Computers via Programmable Architecture for Resourcing-on-Demand (PARD)},
 booktitle = {Proceedings of the Twentieth International Conference on Architectural Support for Programming Languages and Operating Systems},
 series = {ASPLOS '15},
 year = {2015},
 isbn = {978-1-4503-2835-7},
 location = {Istanbul, Turkey},
 pages = {131--143},
 numpages = {13},
 url = {http://doi.acm.org/10.1145/2694344.2694382},
 doi = {10.1145/2694344.2694382},
 acmid = {2694382},
 publisher = {ACM},
 address = {New York, NY, USA},
 keywords = {QoS, data center, hardware/software interface},
}
@inproceedings{Varadarajan:2012:RAI:2382196.2382228,
 author = {Varadarajan, Venkatanathan and Kooburat, Thawan and Farley, Benjamin and Ristenpart, Thomas and Swift, Michael M.},
 title = {Resource-freeing Attacks: Improve Your Cloud Performance (at Your Neighbor's Expense)},
 booktitle = {Proceedings of the 2012 ACM Conference on Computer and Communications Security},
 series = {CCS '12},
 year = {2012},
 isbn = {978-1-4503-1651-4},
 location = {Raleigh, North Carolina, USA},
 pages = {281--292},
 numpages = {12},
 url = {http://doi.acm.org/10.1145/2382196.2382228},
 doi = {10.1145/2382196.2382228},
 acmid = {2382228},
 publisher = {ACM},
 address = {New York, NY, USA},
 keywords = {cloud computing, resource-freeing attacks, scheduling, security, virtualization},
}
@inproceedings{Ahn:2014:MVP:2742155.2742195,
 author = {Ahn, Jeongseob and Park, Chang Hyun and Huh, Jaehyuk},
 title = {Micro-Sliced Virtual Processors to Hide the Effect of Discontinuous CPU Availability for Consolidated Systems},
 booktitle = {Proceedings of the 47th Annual IEEE/ACM International Symposium on Microarchitecture},
 series = {MICRO-47},
 year = {2014},
 isbn = {978-1-4799-6998-2},
 location = {Cambridge, United Kingdom},
 pages = {394--405},
 numpages = {12},
 url = {http://dx.doi.org/10.1109/MICRO.2014.49},
 doi = {10.1109/MICRO.2014.49},
 acmid = {2742195},
 publisher = {IEEE Computer Society},
 address = {Washington, DC, USA},
 keywords = {context prefetch, context preservation, virtual time discontinuity, virtualization},
} 

@INPROCEEDINGS{Daly, 
    author={Daly, D. and Cain, H.W.}, 
    booktitle={Proceedings of the 18th International Symposium on High Performance Computer Architecture (HPCA) }, 
    title={Cache restoration for highly partitioned virtualized systems}, 
    year={2012}, 
    keywords={cache storage;memory architecture;multiprogramming;scheduling;virtual machines;virtualisation;POWER7 system;cache restoration;cycle-accurate simulation;hardware-based prefetching mechanism;highly partitioned virtualized systems;microarchitectural state;multiple virtual machines;multiprogrammed virtualization;per-core L3 last-level cache;performance improvement;server consolidation;server-class systems;virtualization features;virtualization software;Bandwidth;Hardware;Operating systems;Prefetching;Registers;Servers;Switches}, 
    doi={10.1109/HPCA.2012.6169029}, 
    ISSN={1530-0897},
}


@INPROCEEDINGS{ReCap, 
    author={Zebchuk, J. and Cain, H.W. and Xin Tong and Srinivasan, V. and Moshovos, A.}, 
    booktitle={Proceedings of the 19th International Symposium on High Performance Computer Architecture (HPCA) }, 
    title={{RECAP}: A region-based cure for the common cold (cache)}, 
    year={2013}, 
    keywords={cache storage;data compression;multiprogramming;power aware computing;processor scheduling;supervisory programs;virtual machines;virtualisation;L2 cache;RECAP;bandwidth overhead reduction;block reuse-based filtering;cache blocks;coarse-grain memory regions;cold cache effect reduction;compression technique;energy-delay product reduction;fine-grain sharing;hypervisor;management overhead reduction;metadata reading;metadata writing;multiprogrammed virtualization;performance improvement;processor scheduling;region-based cache restoration prefetcher;single processor core time-share;spatial locality;virtual machines}, 
    doi={10.1109/HPCA.2013.6522309}, 
    ISSN={1530-0897},
}

@inproceedings{Liu:2014:OVM:2665671.2665720,
 author = {Liu, Ming and Li, Tao},
 title = {Optimizing Virtual Machine Consolidation Performance on NUMA Server Architecture for Cloud Workloads},
 booktitle = {Proceeding of the 41st Annual International Symposium on Computer Architecuture},
 series = {ISCA '14},
 year = {2014},
 isbn = {978-1-4799-4394-4},
 location = {Minneapolis, Minnesota, USA},
 pages = {325--336},
 numpages = {12},
 url = {http://dl.acm.org/citation.cfm?id=2665671.2665720},
 acmid = {2665720},
 publisher = {IEEE Press},
 address = {Piscataway, NJ, USA},
} 

@INPROCEEDINGS{6522328,
author={Jia Rao and Kun Wang and Xiaobo Zhou and Cheng-zhong Xu},
booktitle={High Performance Computer Architecture (HPCA2013), 2013 IEEE 19th International Symposium on},
title={Optimizing virtual machine scheduling in NUMA multicore systems},
year={2013},
month={Feb},
pages={306-317},
keywords={memory architecture;multiprocessing systems;performance evaluation;processor scheduling;virtual machines;BRM algorithm;Xen credit scheduler;Xen virtual machine monitor;bias random vCPU migration algorithm;complex interplay;cross-node data sharing overhead;data locality;machine hardware;memory subsystem;nonuniform memory access architecture;optimal program performance;predictable program performance;scalable memory performance;shared on-chip memory resources;system-level optimizations;system-wide uncore penalty;two-way Intel NUMA multicore system;virtual hardware;virtual machine scheduling optimization;Benchmark testing;Hardware;Instruction sets;Multicore processing;Sockets;Topology},
doi={10.1109/HPCA.2013.6522328},
ISSN={1530-0897},}
@article{Vasic:2012:DAR:2248487.2151021,
 author = {Vasi\'{c}, Nedeljko and Novakovi\'{c}, Dejan and Miu\v{c}in, Svetozar and Kosti\'{c}, Dejan and Bianchini, Ricardo},
 title = {DejaVu: Accelerating Resource Allocation in Virtualized Environments},
 journal = {SIGPLAN Not.},
 issue_date = {April 2012},
 volume = {47},
 number = {4},
 month = mar,
 year = {2012},
 issn = {0362-1340},
 pages = {423--436},
 numpages = {14},
 url = {http://doi.acm.org/10.1145/2248487.2151021},
 doi = {10.1145/2248487.2151021},
 acmid = {2151021},
 publisher = {ACM},
 address = {New York, NY, USA},
 keywords = {data center, resource management, virtualization},
}
@inproceedings{Tang:2013:RRS:2451116.2451126,
 author = {Tang, Lingjia and Mars, Jason and Wang, Wei and Dey, Tanima and Soffa, Mary Lou},
 title = {ReQoS: Reactive Static/Dynamic Compilation for QoS in Warehouse Scale Computers},
 booktitle = {Proceedings of the Eighteenth International Conference on Architectural Support for Programming Languages and Operating Systems},
 series = {ASPLOS '13},
 year = {2013},
 isbn = {978-1-4503-1870-9},
 location = {Houston, Texas, USA},
 pages = {89--100},
 numpages = {12},
 url = {http://doi.acm.org/10.1145/2451116.2451126},
 doi = {10.1145/2451116.2451126},
 acmid = {2451126},
 publisher = {ACM},
 address = {New York, NY, USA},
 keywords = {compiler, contention, cross-core interference, datacenter, dynamic techniques, multicore, online adaptation, quality of service, runtime systems, warehouse scale computers},
}
@inproceedings{Mars:2013:WHH:2485922.2485975,
 author = {Mars, Jason and Tang, Lingjia},
 title = {Whare-map: Heterogeneity in "Homogeneous" Warehouse-scale Computers},
 booktitle = {Proceedings of the 40th Annual International Symposium on Computer Architecture},
 series = {ISCA '13},
 year = {2013},
 isbn = {978-1-4503-2079-5},
 location = {Tel-Aviv, Israel},
 pages = {619--630},
 numpages = {12},
 url = {http://doi.acm.org/10.1145/2485922.2485975},
 doi = {10.1145/2485922.2485975},
 acmid = {2485975},
 publisher = {ACM},
 address = {New York, NY, USA},
}
@inproceedings{Yang:2013:BPO:2485922.2485974,
 author = {Yang, Hailong and Breslow, Alex and Mars, Jason and Tang, Lingjia},
 title = {Bubble-flux: Precise Online QoS Management for Increased Utilization in Warehouse Scale Computers},
 booktitle = {Proceedings of the 40th Annual International Symposium on Computer Architecture},
 series = {ISCA '13},
 year = {2013},
 isbn = {978-1-4503-2079-5},
 location = {Tel-Aviv, Israel},
 pages = {607--618},
 numpages = {12},
 url = {http://doi.acm.org/10.1145/2485922.2485974},
 doi = {10.1145/2485922.2485974},
 acmid = {2485974},
 publisher = {ACM},
 address = {New York, NY, USA},
}
@inproceedings{Park:2013:RCH:2451116.2451137,
 author = {Park, Heekwon and Baek, Seungjae and Choi, Jongmoo and Lee, Donghee and Noh, Sam H.},
 title = {Regularities Considered Harmful: Forcing Randomness to Memory Accesses to Reduce Row Buffer Conflicts for Multi-core, Multi-bank Systems},
 booktitle = {Proceedings of the Eighteenth International Conference on Architectural Support for Programming Languages and Operating Systems},
 series = {ASPLOS '13},
 year = {2013},
 isbn = {978-1-4503-1870-9},
 location = {Houston, Texas, USA},
 pages = {181--192},
 numpages = {12},
 url = {http://doi.acm.org/10.1145/2451116.2451137},
 doi = {10.1145/2451116.2451137},
 acmid = {2451137},
 publisher = {ACM},
 address = {New York, NY, USA},
 keywords = {analysis tool, memory container, memory management, randomized algorithm, row-buffer conflict},
}
@inproceedings{Liu:2014:GVM:2665671.2665698,
 author = {Liu, Lei and Li, Yong and Cui, Zehan and Bao, Yungang and Chen, Mingyu and Wu, Chengyong},
 title = {Going Vertical in Memory Management: Handling Multiplicity by Multi-policy},
 booktitle = {Proceeding of the 41st Annual International Symposium on Computer Architecuture},
 series = {ISCA '14},
 year = {2014},
 isbn = {978-1-4799-4394-4},
 location = {Minneapolis, Minnesota, USA},
 pages = {169--180},
 numpages = {12},
 url = {http://dl.acm.org/citation.cfm?id=2665671.2665698},
 acmid = {2665698},
 publisher = {IEEE Press},
 address = {Piscataway, NJ, USA},
}
@inproceedings{sirius,
 author = {Hauswald, Johann and Laurenzano, Michael A. and Zhang, Yunqi and Li, Cheng and Rovinski, Austin and Khurana, Arjun and Dreslinski, Ronald G. and Mudge, Trevor and Petrucci, Vinicius and Tang, Lingjia and Mars, Jason},
 title = {Sirius: An Open End-to-End Voice and Vision Personal Assistant and Its Implications for Future Warehouse Scale Computers},
 booktitle = {Proceedings of the Twentieth International Conference on Architectural Support for Programming Languages and Operating Systems},
 series = {ASPLOS '15},
 year = {2015},
 isbn = {978-1-4503-2835-7},
 location = {Istanbul, Turkey},
 pages = {223--238},
 numpages = {16},
 url = {http://doi.acm.org/10.1145/2694344.2694347},
 doi = {10.1145/2694344.2694347},
 acmid = {2694347},
 publisher = {ACM},
 address = {New York, NY, USA},
 keywords = {datacenters, emerging workloads, intelligent personal assistants, warehouse scale computers},
}
@inproceedings{djinn,
 author = {Hauswald, Johann and Kang, Yiping and Laurenzano, Michael A. and Chen, Quan and Li, Cheng and Mudge, Trevor and Dreslinski, Ronald G. and Mars, Jason and Tang, Lingjia},
 title = {DjiNN and Tonic: DNN As a Service and Its Implications for Future Warehouse Scale Computers},
 booktitle = {Proceedings of the 42Nd Annual International Symposium on Computer Architecture},
 series = {ISCA '15},
 year = {2015},
 isbn = {978-1-4503-3402-0},
 location = {Portland, Oregon},
 pages = {27--40},
 numpages = {14},
 url = {http://doi.acm.org/10.1145/2749469.2749472},
 doi = {10.1145/2749469.2749472},
 acmid = {2749472},
 publisher = {ACM},
 address = {New York, NY, USA},
}
@misc{awscase,
  author = {Amazon},
  title = {{Amazon web services User Case Studies}},
  howpublished = {\url{https://aws.amazon.com/solutions/case-studies/}},
  note = {Accessed: 2015-08-12}
}

@misc{pennamazon,
  author = {Amazon},
  title = {{AWS Case Study: Penn State}},
  howpublished = {\url{http://aws.amazon.com/solutions/case-studies/penn-state/}},
  note = {Accessed: 2015-08-12}
}

@misc{pixnet,
  author = {Amazon},
  title = {{AWS Case Study: PIXNET}},
  howpublished = {\url{http://aws.amazon.com/solutions/case-studies/pixnet/}},
  note = {Accessed: 2015-08-12}
}

@misc{docomo,
  author = {Amazon},
  title = {{AWS Case Study: NTT Docomo}},
  howpublished = {\url{http://aws.amazon.com/solutions/case-studies/ntt-docomo/}},
  note = {Accessed: 2015-08-12}
}
@electronic{ersatzlabs,
url = {$\backslash$url\{http://www.ersatzlabs.com/}},
author = {{Ersatz Labs}},
title = {Ersatz Labs}
}
@electronic{forbes,
author = {{Forbes}},
title = {http://www.forbes.com/sites/benkepes/2015/03/04/new-stats-from-the-state-of-cloud-report/}
}
@misc{gce,
  author = {Wikipedia},
  title = {{Google Compute Engine}},
  howpublished = {\url{https://en.wikipedia.org/wiki/Google_Compute_Engine}},
  note = {Accessed: 2015-08-10}
}

@misc{aws,
  author = {Wikipedia},
  title = {{Amazon Elastic Compute Cloud}},
  howpublished = {\url{https://en.wikipedia.org/wiki/Amazon_Elastic_Compute_Cloud}},
  note = {Accessed: 2015-08-10}
}
@INPROCEEDINGS{Kivity2007,
  author = {Avi Kivity and Yaniv Kamay and Dor Laor and Uri Lublin and Anthony
	Liguori},
  title = {kvm: the Linux Virtual Machine Monitor},
  booktitle = {Proceedings of the Linux Symposium},
  year = {2007},
  volume = {1},
  pages = {225--230},
  address = {Ottawa, Ontario, Canada},
  month = JUN,
  url = {http://linux-security.cn/ebooks/ols2007/OLS2007-Proceedings-V1.pdf}
}
@misc{aws-pricing,
  author = {Amazon AWS},
  title = {{Amazon EC2 Pricing}},
  howpublished = {\url{https://aws.amazon.com/ec2/pricing/}},
  note = {Accessed: 2015-08-12}
}

@misc{gce-pricing,
  author = {Google Cloud Platform},
  title = {{Google Compute Engine Pricing}},
  howpublished = {\url{https://cloud.google.com/compute/pricing}},
  note = {Accessed: 2015-08-12}
}
@article{Luque:2009:CAC:1591872.1591935,
 author = {Luque, Carlos and Moreto, Miquel and Cazorla, Francisco J. and Gioiosa, Roberto and Buyuktosunoglu, Alper and Valero, Mateo},
 title = {CPU Accounting in CMP Processors},
 journal = {IEEE Comput. Archit. Lett.},
 issue_date = {January 2009},
 volume = {8},
 number = {1},
 month = jan,
 year = {2009},
 issn = {1556-6056},
 pages = {17--20},
 numpages = {4},
 url = {http://dx.doi.org/10.1109/L-CA.2009.3},
 doi = {10.1109/L-CA.2009.3},
 acmid = {1591935},
 publisher = {IEEE Computer Society},
 address = {Washington, DC, USA},
 keywords = {General, Hardware, Hardware, Hardware/software interfaces, Multi-core/single-chip multiprocessors, General, Hardware/software interfaces, Multi-core/single-chip multiprocessors},
} 

@inproceedings{Luque:2009:IIC:1636712.1637756,
 author = {Luque, Carlos and Moreto, Miquel and Cazorla, Francisco J. and Gioiosa, Roberto and Buyuktosunoglu, Alper and Valero, Mateo},
 title = {ITCA: Inter-task Conflict-Aware CPU Accounting for CMPs},
 booktitle = {Proceedings of the 2009 18th International Conference on Parallel Architectures and Compilation Techniques},
 series = {PACT '09},
 year = {2009},
 isbn = {978-0-7695-3771-9},
 pages = {203--213},
 numpages = {11},
 url = {http://dx.doi.org/10.1109/PACT.2009.33},
 doi = {10.1109/PACT.2009.33},
 acmid = {1637756},
 publisher = {IEEE Computer Society},
 address = {Washington, DC, USA},
 keywords = {Cycle Accounting, Chip-MultiProcessor, Cache Partitioning Algorithms, Fairness, ATD},
} 

@ARTICLE{5989796, 
author={Luque, C. and Moreto, M. and Cazorla, F.J. and Gioiosa, R. and Buyuktosunoglu, A. and Valero, M.}, 
journal={Computers, IEEE Transactions on}, 
title={CPU Accounting for Multicore Processors}, 
year={2012}, 
month={Feb}, 
volume={61}, 
number={2}, 
pages={251-264}, 
keywords={computational complexity;computer centres;microprocessor chips;multiprocessing systems;operating systems (computers);processor scheduling;CMP hardware resources;CPU accounting mechanism;CPU utilization;OS time;chip multiprocessors;computational complexity;data centers;multicore processors;operating system time;single-threaded processor;symmetric multiprocessors;task scheduling;Accuracy;Central Processing Unit;Electronic mail;Estimation;Hardware;Program processors;Proposals;CPU accounting;cache partitioning algorithms.;chip-multiprocessor;shared last level of cache}, 
doi={10.1109/TC.2011.152}, 
ISSN={0018-9340},}

@article{Luque:2013:FCT:2400682.2400709,
 author = {Luque, Carlos and Moreto, Miquel and Cazorla, Francisco J. and Valero, Mateo},
 title = {Fair CPU Time Accounting in CMP\&Plus;SMT Processors},
 journal = {ACM Trans. Archit. Code Optim.},
 issue_date = {January 2013},
 volume = {9},
 number = {4},
 month = jan,
 year = {2013},
 issn = {1544-3566},
 pages = {50:1--50:25},
 articleno = {50},
 numpages = {25},
 url = {http://doi.acm.org/10.1145/2400682.2400709},
 doi = {10.1145/2400682.2400709},
 acmid = {2400709},
 publisher = {ACM},
 address = {New York, NY, USA},
 keywords = {CPU accounting, fairness, multicore/multithreaded processors, progress, slowdown},
}
@inproceedings{Sherwood:2003:PTP:859618.859657,
 author = {Sherwood, Timothy and Sair, Suleyman and Calder, Brad},
 title = {Phase Tracking and Prediction},
 booktitle = {Proceedings of the 30th Annual International Symposium on Computer Architecture},
 series = {ISCA '03},
 year = {2003},
 isbn = {0-7695-1945-8},
 location = {San Diego, California},
 pages = {336--349},
 numpages = {14},
 url = {http://doi.acm.org/10.1145/859618.859657},
 doi = {10.1145/859618.859657},
 acmid = {859657},
 publisher = {ACM},
 address = {New York, NY, USA},
} 

@inproceedings{Lau:2005:TPC:1042442.1043427,
 author = {Lau, Jeremy and Schoenmackers, Stefan and Calder, Brad},
 title = {Transition Phase Classification and Prediction},
 booktitle = {Proceedings of the 11th International Symposium on High-Performance Computer Architecture},
 series = {HPCA '05},
 year = {2005},
 isbn = {0-7695-2275-0},
 pages = {278--289},
 numpages = {12},
 url = {http://dx.doi.org/10.1109/HPCA.2005.39},
 doi = {10.1109/HPCA.2005.39},
 acmid = {1043427},
 publisher = {IEEE Computer Society},
 address = {Washington, DC, USA},
}
@inproceedings{Eyerman:2009:PCA:1508244.1508260,
 author = {Eyerman, Stijn and Eeckhout, Lieven},
 title = {Per-thread Cycle Accounting in SMT Processors},
 booktitle = {Proceedings of the 14th International Conference on Architectural Support for Programming Languages and Operating Systems},
 series = {ASPLOS XIV},
 year = {2009},
 isbn = {978-1-60558-406-5},
 location = {Washington, DC, USA},
 pages = {133--144},
 numpages = {12},
 url = {http://doi.acm.org/10.1145/1508244.1508260},
 doi = {10.1145/1508244.1508260},
 acmid = {1508260},
 publisher = {ACM},
 address = {New York, NY, USA},
 keywords = {cycle accounting, simultaneous multithreading (smt), thread-progress aware fetch policy},
}
@inproceedings{Dhodapkar:2003:CPP:956417.956539,
 author = {Dhodapkar, Ashutosh S. and Smith, James E.},
 title = {Comparing Program Phase Detection Techniques},
 booktitle = {Proceedings of the 36th Annual IEEE/ACM International Symposium on Microarchitecture},
 series = {MICRO 36},
 year = {2003},
 isbn = {0-7695-2043-X},
 pages = {217--},
 url = {http://dl.acm.org/citation.cfm?id=956417.956539},
 acmid = {956539},
 publisher = {IEEE Computer Society},
 address = {Washington, DC, USA},
}
@INPROCEEDINGS{6076756, 
author={Yilei Zhang and Zibin Zheng and Lyu, M.R.}, 
booktitle={Reliable Distributed Systems (SRDS), 2011 30th IEEE Symposium on}, 
title={Exploring Latent Features for Memory-Based QoS Prediction in Cloud Computing}, 
year={2011}, 
pages={1-10}, 
keywords={cloud computing;groupware;quality of service;storage management;CloudPred;cloud computing;collaborative quality prediction;distributed components;latent features;memory-based QoS prediction;neighborhood-based approach;personalized quality prediction;Accuracy;Cloud computing;Collaboration;Monitoring;Quality of service;Sparse matrices;Vectors;Cloud Computing;Prediction;QoS}, 
doi={10.1109/SRDS.2011.10}, 
ISSN={1060-9857}, 
month={Oct},}
@misc{privatepublic,
  title = {Private VS Public clouds which one to choose},
  howpublished = {\url{http://www.logicworks.net/blog/2015/03/difference-private-public-hybrid-cloud-comparison/}},
  note = {Accessed: 2015}
}
BibTeX | EndNote | ACM Ref
@article{Marston:2011:CCB:1943771.1943810,
 author = {Marston, Sean and Li, Zhi and Bandyopadhyay, Subhajyoti and Zhang, Juheng and Ghalsasi, Anand},
 title = {Cloud Computing - The Business Perspective},
 journal = {Decis. Support Syst.},
 issue_date = {April, 2011},
 volume = {51},
 number = {1},
 month = apr,
 year = {2011},
 issn = {0167-9236},
 pages = {176--189},
 numpages = {14},
 url = {http://dx.doi.org/10.1016/j.dss.2010.12.006},
 doi = {10.1016/j.dss.2010.12.006},
 acmid = {1943810},
 publisher = {Elsevier Science Publishers B. V.},
 address = {Amsterdam, The Netherlands, The Netherlands},
 keywords = {Cloud computing, Cloud computing regulation, Infrastructure as a service, On-demand computing, Platform as a service, Software as a service, Virtualization},
}
@article{DBLP:journals/jilp/HamerlyPLC05,
  author    = {Greg Hamerly and
               Erez Perelman and
               Jeremy Lau and
               Brad Calder},
  title     = {SimPoint 3.0: Faster and More Flexible Program Phase Analysis},
  journal   = {J. Instruction-Level Parallelism},
  volume    = {7},
  year      = {2005},
  url       = {http://www.jilp.org/vol7/v7paper14.pdf},
  timestamp = {Fri, 21 Dec 2012 16:32:24 +0100},
  biburl    = {http://dblp.uni-trier.de/rec/bib/journals/jilp/HamerlyPLC05},
  bibsource = {dblp computer science bibliography, http://dblp.org}
}
@inproceedings{Tang:2011:CVS:2000417.2000419,
 author = {Tang, Lingjia and Mars, Jason and Soffa, Mary Lou},
 title = {Contentiousness vs. Sensitivity: Improving Contention Aware Runtime Systems on Multicore Architectures},
 booktitle = {Proceedings of the 1st International Workshop on Adaptive Self-Tuning Computing Systems for the Exaflop Era},
 series = {EXADAPT '11},
 year = {2011},
 isbn = {978-1-4503-0708-6},
 location = {San Jose, California, USA},
 pages = {12--21},
 numpages = {10},
 url = {http://doi.acm.org/10.1145/2000417.2000419},
 doi = {10.1145/2000417.2000419},
 acmid = {2000419},
 publisher = {ACM},
 address = {New York, NY, USA},
 keywords = {contention aware runtimes, contentiousness vs sensitivity, memory subsystems, multicore processors, scheduling},
}
