@article{Barroso:2007:CEC:1339817.1339894,
 author = {Barroso, Luiz Andr{\'e} and H\"{o}lzle, Urs},
 title = {The Case for Energy-Proportional Computing},
 journal = {Computer},
 issue_date = {December 2007},
 volume = {40},
 number = {12},
 month = dec,
 year = {2007},
 issn = {0018-9162},
 pages = {33--37},
 numpages = {5},
 url = {http://dx.doi.org/10.1109/MC.2007.443},
 doi = {10.1109/MC.2007.443},
 acmid = {1339894},
 publisher = {IEEE Computer Society Press},
 address = {Los Alamitos, CA, USA},
 keywords = {energy-proportional computing, green computing, green computing, energy-proportional computing},
} 

@inproceedings{Farley:2012:MYM:2391229.2391249,
 author = {Farley, Benjamin and Juels, Ari and Varadarajan, Venkatanathan and Ristenpart, Thomas and Bowers, Kevin D. and Swift, Michael M.},
 title = {More for Your Money: Exploiting Performance Heterogeneity in Public Clouds},
 booktitle = {Proceedings of the Third ACM Symposium on Cloud Computing},
 series = {SoCC '12},
 year = {2012},
 isbn = {978-1-4503-1761-0},
 location = {San Jose, California},
 pages = {20:1--20:14},
 articleno = {20},
 numpages = {14},
 url = {http://doi.acm.org/10.1145/2391229.2391249},
 doi = {10.1145/2391229.2391249},
 acmid = {2391249},
 publisher = {ACM},
 address = {New York, NY, USA},
 keywords = {cloud computing, heterogeneity, virtual machine migration},
} 

@article{Henning:2006:SCB:1186736.1186737,
 author = {Henning, John L.},
 title = {SPEC CPU2006 Benchmark Descriptions},
 journal = {SIGARCH Comput. Archit. News},
 issue_date = {September 2006},
 volume = {34},
 number = {4},
 month = sep,
 year = {2006},
 issn = {0163-5964},
 pages = {1--17},
 numpages = {17},
 url = {http://doi.acm.org/10.1145/1186736.1186737},
 doi = {10.1145/1186736.1186737},
 acmid = {1186737},
 publisher = {ACM},
 address = {New York, NY, USA},
}

@inproceedings{Brankovic:2014:AOP:2597917.2597937,
 author = {Brankovi\'{c}, Aleksandar and Stavrou, Kyriakos and Gibert, Enric and Gonz\'{a}lez, Antonio},
 title = {Accurate Off-line Phase Classification for HW/SW Co-designed Processors},
 booktitle = {Proceedings of the 11th ACM Conference on Computing Frontiers},
 series = {CF '14},
 year = {2014},
 isbn = {978-1-4503-2870-8},
 location = {Cagliari, Italy},
 pages = {5:1--5:10},
 articleno = {5},
 numpages = {10},
 url = {http://doi.acm.org/10.1145/2597917.2597937},
 doi = {10.1145/2597917.2597937},
 acmid = {2597937},
 publisher = {ACM},
 address = {New York, NY, USA},
 keywords = {HW/SW co-designed processors, dynamic binary translation, simulation, warm-up methodology},
} 

@article{DBLP:journals/corr/abs-0909-1784,
  author    = {Stavros Harizopoulos and
               Mehul A. Shah and
               Justin Meza and
               Parthasarathy Ranganathan},
  title     = {Energy Efficiency: The New Holy Grail of Data Management Systems Research},
  journal   = {CoRR},
  volume    = {abs/0909.1784},
  year      = {2009},
  url       = {http://arxiv.org/abs/0909.1784},
  timestamp = {Mon, 05 Dec 2011 18:05:25 +0100},
  biburl    = {http://dblp.uni-trier.de/rec/bib/journals/corr/abs-0909-1784},
  bibsource = {dblp computer science bibliography, http://dblp.org}
}

@inproceedings{Balasubramonian:2000:MHR:360128.360153,
 author = {Balasubramonian, Rajeev and Albonesi, David and Buyuktosunoglu, Alper and Dwarkadas, Sandhya},
 title = {Memory Hierarchy Reconfiguration for Energy and Performance in General-purpose Processor Architectures},
 booktitle = {Proceedings of the 33rd Annual ACM/IEEE International Symposium on Microarchitecture},
 series = {MICRO 33},
 year = {2000},
 isbn = {1-58113-196-8},
 location = {Monterey, California, USA},
 pages = {245--257},
 numpages = {13},
 url = {http://doi.acm.org/10.1145/360128.360153},
 doi = {10.1145/360128.360153},
 acmid = {360153},
 publisher = {ACM},
 address = {New York, NY, USA},
} 

@INPROCEEDINGS{1402088, 
author={Nagpurkar, P. and Krintz, C. and Sherwood, T.}, 
booktitle={Code Generation and Optimization, 2005. CGO 2005. International Symposium on}, 
title={Phase-aware remote profiling}, 
year={2005}, 
month={March}, 
pages={191-202}, 
keywords={Internet;embedded systems;optimising compilers;ubiquitous computing;Internet;Web-enabled mobile phone;battery-powered device;embedded device technology;energy consumption;hardware-software scheme;intelligent online sampling;meta information;personal digital assistants;phase-aware remote profiling;ubiquitous computing;Computer science;Energy consumption;IP networks;Information analysis;Mobile handsets;Optimizing compilers;Personal digital assistants;Programming;Sampling methods;Ubiquitous computing}, 
doi={10.1109/CGO.2005.26},}

@inproceedings{Lukefahr:2012:CCP:2457472.2457508,
 author = {Lukefahr, Andrew and Padmanabha, Shruti and Das, Reetuparna and Sleiman, Faissal M. and Dreslinski, Ronald and Wenisch, Thomas F. and Mahlke, Scott},
 title = {Composite Cores: Pushing Heterogeneity Into a Core},
 booktitle = {Proceedings of the 2012 45th Annual IEEE/ACM International Symposium on Microarchitecture},
 series = {MICRO-45},
 year = {2012},
 isbn = {978-0-7695-4924-8},
 location = {Vancouver, B.C., CANADA},
 pages = {317--328},
 numpages = {12},
 url = {http://dx.doi.org/10.1109/MICRO.2012.37},
 doi = {10.1109/MICRO.2012.37},
 acmid = {2457508},
 publisher = {IEEE Computer Society},
 address = {Washington, DC, USA},
 keywords = {heterogeneous architecture, core microarchitecure, split pipelines, reactive controller},
} 

@TECHREPORT{Qumranet2007,
  author = {Qumranet},
  title = {KVM: Kernel-based Virtualization Machine},
  institution = {Qumranet},
  year = {2007},
  url = {http://www.qumranet.com/files/Qumranet_WhitePaper_03.pdf}
}

@INPROCEEDINGS{6114207, 
author={Sembrant, A. and Eklov, D. and Hagersten, E.}, 
booktitle={Workload Characterization (IISWC), 2011 IEEE International Symposium on}, 
title={Efficient software-based online phase classification}, 
year={2011}, 
month={Nov}, 
pages={104-115}, 
keywords={program diagnostics;sampling methods;ScarPhase;hardware-assisted phase detection;low overhead phase detection;online phase detection library;runtime data collection;runtime phases;sample-based analysis;sample-based classification;software-based online phase classification;time-varying behavior;Benchmark testing;Hardware;Phase detection;Radiation detectors;Runtime;Support vector machine classification;Vectors}, 
doi={10.1109/IISWC.2011.6114207},}

@inproceedings{sembrant2011iiswc,
  title = {Efficient Software-based Online Phase Classification},
  author = {Andreas Sembrant and David Eklov and Erik Hagersten},
  booktitle = {Int. Symposium on Workload Characterization (IISWC)},
  year = {2011}
}

@INPROCEEDINGS{6522315, 
author={Sandberg, A. and Sembrant, A. and Hagersten, E. and Black-Schaffer, D.}, 
booktitle={High Performance Computer Architecture (HPCA2013), 2013 IEEE 19th International Symposium on}, 
title={Modeling performance variation due to cache sharing}, 
year={2013}, 
month={Feb}, 
pages={155-166}, 
keywords={bandwidth allocation;cache storage;multiprocessing systems;performance evaluation;application phases;average relative error;bandwidth consumption;bandwidth demands;cache sharing;cache sharing performance model;contemporary multicore machine;corunning application bandwidth demands;performance interactions;performance variability effects;performance variation modeling;phase-aware isolation;shared cache contention;Bandwidth;Benchmark testing;Data models;Hardware;Interference;Phase detection;Vectors}, 
doi={10.1109/HPCA.2013.6522315}, 
ISSN={1530-0897},}

@ARTICLE{1528455, 
author={Isci, C. and Buyuktosunoglu, A. and Martonosi, M.}, 
journal={Micro, IEEE}, 
title={Long-term workload phases: duration predictions and applications to DVFS}, 
year={2005}, 
month={Sept}, 
volume={25}, 
number={5}, 
pages={39-51}, 
keywords={resource allocation;system monitoring;DVFS;adaptive dynamic management;computer systems;duration predictions;hardware performance counters;long-term workload phases;server-class systems;system response prediction;workload behavior prediction;Adaptive systems;Benchmark testing;Costs;Dynamic voltage scaling;Extrapolation;Frequency;Large-scale systems;Load management;Prediction methods;Stability criteria;Adaptive dynamic management;DVFS;duration predictions;performance counters;prediction techniques;workload behavior}, 
doi={10.1109/MM.2005.93}, 
ISSN={0272-1732},}

@INPROCEEDINGS{1238018, 
author={Duesterwald, E. and Torrellas, J. and Dwarkadas, S.}, 
booktitle={Parallel Architectures and Compilation Techniques, 2003. PACT 2003. Proceedings. 12th International Conference on}, 
title={Characterizing and predicting program behavior and its variability}, 
year={2003}, 
month={Sept}, 
pages={220-231}, 
keywords={adaptive systems;software metrics;system monitoring;SPECcpu 2000;adaptive systems;cross-metric predictors;hardware counters;instructions;microarchitectures;optimization;program time-varying behavior prediction;statistical predictors;table-based predictors;Adaptive systems;Aggregates;Application software;Computer architecture;Counting circuits;Energy efficiency;Hardware;Optimizing compilers;Resource management;Software systems}, 
doi={10.1109/PACT.2003.1238018}, 
ISSN={1089-795X},}

@inproceedings{37124,
title = {The Impact of Memory Subsystem Resource Sharing on Datacenter Applications},
author  = {Lingjia Tang and Jason Mars and Neil Vachharajani and Robert Hundt and Mary-Lou Soffa},
year  = 2011,
booktitle = {ISCA}
}

@inproceedings{reqos,
author = {Tang, Lingjia and Mars, Jason and Wang, Wei and Dey, Tanima and Soffa, Mary Lou},
title = {ReQoS: Reactive Static/Dynamic Compilation for QoS in Warehouse Scale Computers},
booktitle = {Proceedings of the Eighteenth International Conference on Architectural Support for Programming Languages and Operating Systems (ASPLOS)},
series = {ASPLOS '13},
year = {2013},
isbn = {978-1-4503-1870-9},
location = {Houston, Texas, USA},
pages = {89--100},
numpages = {12},
url = {http://doi.acm.org/10.1145/2451116.2451126},
doi = {10.1145/2451116.2451126},
acmid = {2451126},
publisher = {ACM},
address = {New York, NY, USA},
keywords = {compiler, contention, cross-core interference, datacenter, dynamic techniques, multicore, online adaptation, quality of service, runtime systems, warehouse scale computers},
note = {Acceptance Rate: 23%},
}

@inproceedings{mars13isca,
author = {Mars, Jason and Tang, Lingjia},
title = {Whare-map: Heterogeneity in "Homogeneous" Warehouse-scale Computers},
booktitle = {Proceedings of the 40th Annual International Symposium on Computer Architecture (ISCA)},
series = {ISCA '13},
year = {2013},
isbn = {978-1-4503-2079-5},
location = {Tel-Aviv, Israel},
pages = {619--630},
numpages = {12},
url = {http://doi.acm.org/10.1145/2485922.2485975},
doi = {10.1145/2485922.2485975},
acmid = {2485975},
publisher = {ACM},
address = {New York, NY, USA},
note = {Acceptance Rate: 19% - Featured in Wired Magazine!},
}
@inproceedings{Govindan:2011:CQE:2038916.2038938,
 author = {Govindan, Sriram and Liu, Jie and Kansal, Aman and Sivasubramaniam, Anand},
 title = {Cuanta: Quantifying Effects of Shared On-chip Resource Interference for Consolidated Virtual Machines},
 booktitle = {Proceedings of the 2Nd ACM Symposium on Cloud Computing},
 series = {SOCC '11},
 year = {2011},
 isbn = {978-1-4503-0976-9},
 location = {Cascais, Portugal},
 pages = {22:1--22:14},
 articleno = {22},
 numpages = {14},
 url = {http://doi.acm.org/10.1145/2038916.2038938},
 doi = {10.1145/2038916.2038938},
 acmid = {2038938},
 publisher = {ACM},
 address = {New York, NY, USA},
 keywords = {cache pressure clone, last-level cache, memory subsystem interference, performance estimation, resource contention, workload consolidation},
} 

@inproceedings{Bellard:2005:QFP:1247360.1247401,
 author = {Bellard, Fabrice},
 title = {QEMU, a Fast and Portable Dynamic Translator},
 booktitle = {Proceedings of the Annual Conference on USENIX Annual Technical Conference},
 series = {ATEC '05},
 year = {2005},
 location = {Anaheim, CA},
 pages = {41--41},
 numpages = {1},
 url = {http://dl.acm.org/citation.cfm?id=1247360.1247401},
 acmid = {1247401},
 publisher = {USENIX Association},
 address = {Berkeley, CA, USA},
} 


@misc{amazon,
annote = {$\backslash$url\{http://aws.amazon.com/ec2\}},
author = {{Amazon Inc.}},
month = nov,
publisher = {Amazon},
title = {{Elastic Compute Cloud}},
year = {2008}
}

@INPROCEEDINGS{6621127, 
author={Gupta, A. and Sampson, J. and Taylor, M.B.}, 
booktitle={Embedded Computer Systems: Architectures, Modeling, and Simulation (SAMOS XIII), 2013 International Conference on}, 
title={TimeCube: A manycore embedded processor with interference-agnostic progress tracking}, 
year={2013}, 
month={July}, 
pages={227-236}, 
keywords={cloud computing;embedded systems;interference;microprocessor chips;multiprocessing systems;resource allocation;48-core SCC;CPU-time decorrelation;Progress Time;Tilera Tile Gx100;TimeCube processor;cloud services;dynamic execution isolation;embedded computing;interference-agnostic progress tracking;low-power embedded processors;manycore chips;manycore embedded processor;microarchitectural resources;microarchitectural structures;multicore processors;online architectural resource management;shadow performance modeling;space-multiplexed systems;throughput improvement;Bandwidth;Channel allocation;Embedded systems;Interference;Prefetching;Random access memory;Resource management}, 
doi={10.1109/SAMOS.2013.6621127},}

@inproceedings{Solihin:1999:SPQ:331532.331549,
 author = {Solihin, Yan and Lam, Vinh and Torrellas, Josep},
 title = {Scal-Tool: Pinpointing and Quantifying Scalability Bottlenecks in DSM Multiprocessors},
 booktitle = {Proceedings of the 1999 ACM/IEEE Conference on Supercomputing},
 series = {SC '99},
 year = {1999},
 isbn = {1-58113-091-0},
 location = {Portland, Oregon, USA},
 articleno = {17},
 url = {http://doi.acm.org/10.1145/331532.331549},
 doi = {10.1145/331532.331549},
 acmid = {331549},
 publisher = {ACM},
 address = {New York, NY, USA},
} 

@article{Zhuravlev:2010:ASR:1735971.1736036,
 author = {Zhuravlev, Sergey and Blagodurov, Sergey and Fedorova, Alexandra},
 title = {Addressing Shared Resource Contention in Multicore Processors via Scheduling},
 journal = {SIGPLAN Not.},
 issue_date = {March 2010},
 volume = {45},
 number = {3},
 month = mar,
 year = {2010},
 issn = {0362-1340},
 pages = {129--142},
 numpages = {14},
 url = {http://doi.acm.org/10.1145/1735971.1736036},
 doi = {10.1145/1735971.1736036},
 acmid = {1736036},
 publisher = {ACM},
 address = {New York, NY, USA},
 keywords = {multicore processors, scheduling, shared resource contention},
} 

@article{denew,
  title={The New Linux?perf?Tools},
  author={de Melo, Arnaldo Carvalho}
}

@inproceedings{Gupta_QualityTime_ISPASS_2014,
	title = {QualityTime: A Simple Online Technique for Quantifying Multicore Execution Efficiency },
	author = {Anshuman Gupta and Jack Sampson and Michael Bedford Taylor},
 booktitle = {ISPASS},
	year = {2014}
}

@inproceedings{Zhuravlev:2010:ASR:1736020.1736036,
 author = {Zhuravlev, Sergey and Blagodurov, Sergey and Fedorova, Alexandra},
 title = {Addressing Shared Resource Contention in Multicore Processors via Scheduling},
 booktitle = {Proceedings of the Fifteenth Edition of ASPLOS on Architectural Support for Programming Languages and Operating Systems},
 series = {ASPLOS XV},
 year = {2010},
 isbn = {978-1-60558-839-1},
 location = {Pittsburgh, Pennsylvania, USA},
 pages = {129--142},
 numpages = {14},
 url = {http://doi.acm.org/10.1145/1736020.1736036},
 doi = {10.1145/1736020.1736036},
 acmid = {1736036},
 publisher = {ACM},
 address = {New York, NY, USA},
 keywords = {multicore processors, scheduling, shared resource contention},
} 

@ARTICLE{6133267, 
author={Ki-Woong Park and Jaesun Han and JaeWoong Chung and Kyu Ho Park}, 
journal={Services Computing, IEEE Transactions on}, 
title={THEMIS: A Mutually Verifiable Billing System for the Cloud Computing Environment}, 
year={2013}, 
month={July}, 
volume={6}, 
number={3}, 
pages={300-313}, 
keywords={cloud computing;security of data;software performance evaluation;system monitoring;trusted computing;PKI;S-Mon;THEMIS billing transaction;TPM;cloud computing environment;cloud computing service;cloud notary authority;computational overhead;forgery-resistive SLA monitoring mechanism;iCubeCloud;nonobstructive billing system;performance evaluation;security capability;service level agreement monitoring;trusted platform module;verifiable billing system;Cloud computing;Computer architecture;Digital signatures;Grid computing;Monitoring;Protocols;Records;and resource allocation;pricing;transaction processing;verification}, 
doi={10.1109/TSC.2012.1}, 
ISSN={1939-1374},}

@INPROCEEDINGS{5279594, 
author={Elmroth, E. and Marquez, F.G. and Henriksson, D. and Ferrera, D.P.}, 
booktitle={Grid and Cooperative Computing, 2009. GCC '09. Eighth International Conference on}, 
title={Accounting and Billing for Federated Cloud Infrastructures}, 
year={2009}, 
month={Aug}, 
pages={268-275}, 
keywords={resource allocation;virtual machines;RESERVOIR project;data center;federated cloud computing infrastructure;postpaid payment scheme;prepaid payment scheme;resources-services virtualization;service level agreement;usage scenario;Cloud computing;Collaboration;Computer architecture;Grid computing;Reservoirs;Resource virtualization;Subcontracting;Technology management;Time factors;Virtual machining;RESERVOIR;SGAS;accounting;billing;cloud computing;grid computing}, 
doi={10.1109/GCC.2009.37},}

@article{Zhuravlev:2010:ASR:1735970.1736036,
 author = {Zhuravlev, Sergey and Blagodurov, Sergey and Fedorova, Alexandra},
 title = {Addressing Shared Resource Contention in Multicore Processors via Scheduling},
 journal = {SIGARCH Comput. Archit. News},
 issue_date = {March 2010},
 volume = {38},
 number = {1},
 month = mar,
 year = {2010},
 issn = {0163-5964},
 pages = {129--142},
 numpages = {14},
 url = {http://doi.acm.org/10.1145/1735970.1736036},
 doi = {10.1145/1735970.1736036},
 acmid = {1736036},
 publisher = {ACM},
 address = {New York, NY, USA},
 keywords = {multicore processors, scheduling, shared resource contention},
} 


@inproceedings{bubbleup,
author = {Mars, Jason and Tang, Lingjia and Hundt, Robert and Skadron, Kevin and Soffa, Mary Lou},
title = {Bubble-Up: Increasing Utilization in Modern Warehouse Scale Computers via Sensible Co-locations},
booktitle = {Proceedings of the 44th Annual IEEE/ACM International Symposium on Microarchitecture (MICRO)},
series = {MICRO-44},
year = {2011},
isbn = {978-1-4503-1053-6},
location = {Porto Alegre, Brazil},
pages = {248--259},
numpages = {12},
url = {http://doi.acm.org/10.1145/2155620.2155650},
doi = {10.1145/2155620.2155650},
acmid = {2155650},
publisher = {ACM},
address = {New York, NY, USA},
note = {Acceptance Rate: 21% - Selected for IEEE MICRO TOP PICKS},
}

@article{fairpricing,
author = {Alex D. Breslow and
Ananta Tiwari and
Martin Schulz and
Laura Carrington and
Lingjia Tang and
Jason Mars},
title = {Enabling fair pricing on high performance computer systems with node
sharing},
journal = {Scientific Programming},
year = {2014},
volume = {22},
number = {2},
pages = {59--74},
url = {http://dx.doi.org/10.3233/SPR-140387},
doi = {10.3233/SPR-140387},
timestamp = {Fri, 05 Sep 2014 13:19:44 +0200},
biburl = {http://dblp.uni-trier.de/rec/bib/journals/sp/BreslowTSCTM14},
bibsource = {dblp computer science bibliography, http://dblp.org}
}

@inproceedings{Isci:2006:LRP:1194816.1194851,
 author = {Isci, Canturk and Contreras, Gilberto and Martonosi, Margaret},
 title = {Live, Runtime Phase Monitoring and Prediction on Real Systems with Application to Dynamic Power Management},
 booktitle = {Proceedings of the 39th Annual IEEE/ACM International Symposium on Microarchitecture},
 series = {MICRO 39},
 year = {2006},
 isbn = {0-7695-2732-9},
 pages = {359--370},
 numpages = {12},
 url = {http://dx.doi.org/10.1109/MICRO.2006.30},
 doi = {10.1109/MICRO.2006.30},
 acmid = {1194851},
 publisher = {IEEE Computer Society},
 address = {Washington, DC, USA},
} 
@INPROCEEDINGS{1598119, 
author={Isci, C. and Martonosi, M.}, 
booktitle={High-Performance Computer Architecture, 2006. The Twelfth International Symposium on}, 
title={Phase characterization for power: evaluating control-flow-based and event-counter-based techniques}, 
year={2006}, 
month={Feb}, 
pages={121-132}, 
keywords={benchmark testing;computer architecture;performance evaluation;power consumption;SPEC2000 benchmark;basic block vector;code-oriented technique;control-flow sampling;event counter;mainstream desktop application;performance counter;power consumption;power phase characterization;real-system power measurement;Counting circuits;Energy consumption;Hardware;Performance analysis;Phase measurement;Power measurement;Power system management;Runtime;Sampling methods;Software systems}, 
doi={10.1109/HPCA.2006.1598119}, 
ISSN={1530-0897},}

@inproceedings{consen,
author = {Tang, Lingjia and Mars, Jason and Soffa, Mary Lou},
title = {Contentiousness vs. sensitivity: improving contention aware runtime systems on multicore architectures},
booktitle = {Proceedings of the 1st International Workshop on Adaptive Self-Tuning Computing Systems for the Exaflop Era (co-located with PLDI 2011)},
year = {2011},
isbn = {978-1-4503-0708-6},
location = {San Jose, California},
pages = {12--21},
numpages = {10},
url = {http://doi.acm.org/10.1145/2000417.2000419},
doi = {http://doi.acm.org/10.1145/2000417.2000419},
acmid = {2000419},
publisher = {ACM},
address = {New York, NY, USA},
keywords = {contention aware runtimes, contentiousness vs sensitivity, memory subsystems, multicore processors, scheduling},
}
